1908 3226
820 202 1105 247 -22—
1400 216 1420 241 x

230 313 292 350 est
319 309 475 349 iustitia
502 311 624 361 atque
654 308 885 357 moderatio,
917 303 1026 354 τάξις
1046 308 1130 348 sive
1152 302 1303 358 κόσμος
1324 306 1521 361 ψυχῆςῑ).
1564 294 1682 354 Quae

229 379 418 419 incohata
448 381 569 432 atque
598 378 755 418 incerta
783 378 966 418 definitio
997 377 1141 417 mirum
1173 381 1366 432 quantum
1388 376 1732 435 congruit-cnm'3
1764 421 1768 426 ‚

232 448 406 488 Socratis
437 449 485 485 de
516 447 670 486 iustitia
701 448 805 497 apud
836 448 1150 497 Xenophontem
1181 447 1451 497 disputatione
1467 446 1524 497 ²),
1565 437 1683 498 quain
1707 457 1711 493 ᾗ

231 516 330 569 quin
362 516 575 566 genuinam
606 519 804 567 putemus,
836 516 948 554 nulla
976 530 1019 555 re
1050 516 1319 565 prohibemur.
1379 516 1528 554 Eadem
1551 516 1683 555 autem

230 585 273 622 in
294 584 424 634 primo
447 584 711 634 Reipublicae
741 584 844 623 libro
875 588 1018 633 regnat
1040 583 1238 622 sententia
1262 586 1339 622 351
1355 584 1401 622 d:
1432 581 1587 629 στάσεις
1605 577 1693 639 “7⁶²0

232 667 328 701 που,
361 643 394 692 ὦ
428 648 689 704 Θρασύμαχε,
719 648 745 703 ἥ
775 666 818 705 γε
850 647 986 691 ἀδικία
1017 650 1083 691 καὶ
1118 652 1211 702 μίση
1241 650 1309 690 καὶ
1340 647 1466 703 μάχας
1496 649 1539 691 ἕν
1568 646 1685 703 defini-f

232 723 315 767 λοις
338 718 512 773 παρέχει,
542 715 569 771 ἦ
598 718 642 759 δὲ
665 716 901 771 δικαιοσύνη
933 715 1125 769 ὁμόνοιαν
1155 718 1221 759 καὶ
1254 720 1401 767 φιλίαν.
1463 721 1683 776 Lucramur

232 791 357 842 igitur
387 792 462 830 hac
483 791 778 841 comparatione
809 803 939 842 neque
965 790 1006 828 in
1030 790 1177 840 Gorgia
1206 803 1337 842 neque
1367 790 1411 828 in
1439 789 1569 840 primo
1590 789 1695 828 Rois
1725 815 1728 817 >
1756 790 1768 816 7>

232 860 424 910 publicae?
437 859 540 898 libro
561 859 691 898 inesse
713 862 871 897 acutum
893 857 990 896 illud
1013 850 1225 896 discrimen
1246 858 1557 897 moderationem
1577 858 1685 897 inter

236 932 277 967 et
307 928 522 976 iustitiam,
567 927 672 980 quod
704 926 864 978 quidem
904 925 1066 976 propria
1105 930 1166 965 est
1204 926 1336 979 quarti
1367 926 1459 965 libri
1501 923 1682 967 victoria.

237 999 373 1049 Atque
394 996 541 1046 scripta
562 1008 647 1034 esse
668 998 837 1047 utraque
859 994 1075 1045 disputatio
1098 995 1227 1043 debet,
1260 1008 1349 1033 cum
1369 996 1545 1033 nondum
1565 994 1685 1045 plane
1755 1006 1764 1027 ’π

234 1065 412 1115 perfecta
441 1067 482 1103 et
511 1063 710 1114 perpolita
741 1068 826 1101 erat
846 1064 1027 1101 Platonis
1059 1064 1107 1102 de
1138 1064 1285 1103 virtute
1317 1064 1509 1103 doctrina.
1571 1062 1694 1112 Quae}
1732 1050 1735 1052 ‚
1765 1053 1770 1057 ³

235 1146 322 1173 cum
353 1133 409 1172 ita
440 1146 482 1172 se
512 1133 699 1181 habeant,
730 1146 812 1171 non
843 1132 1093 1171 audaciorem
1127 1145 1189 1171 me
1218 1133 1305 1172 fore
1336 1147 1465 1184 spero,
1497 1133 1530 1172 si
1561 1131 1682 1172 Clito-

234 1203 385 1252 phonte
416 1202 575 1251 dialogo
597 1202 807 1241 Platonem
840 1206 1076 1240 commotum
1104 1215 1190 1241 esse
1213 1206 1355 1250 statuo,
1388 1208 1433 1241 ut
1452 1203 1582 1240 denuo
1603 1201 1684 1240 sin·

235 1270 348 1321 gulas
386 1270 636 1309 examinaret
674 1269 866 1318 virtutes,
911 1282 1012 1322 quae
1055 1270 1298 1317 examinatio
1337 1271 1552 1322 palmarem
1591 1270 1686 1311 tulit

233 1340 417 1387 fructum,
450 1339 619 1378 Politias
649 1339 773 1377 libros
802 1338 998 1377 II—VII.

350 1409 484 1460 Atque
514 1407 654 1445 liceret
683 1406 749 1446 hic
780 1407 961 1446 claudere
984 1407 1264 1457 disputationis
1285 1408 1447 1456 rivulos,
1479 1407 1555 1446 nisi
1576 1407 1683 1446 aliud

234 1475 385 1529 aliquid
425 1477 504 1514 huc
544 1478 758 1525 spectaret,
802 1476 907 1527 quod
939 1476 1120 1527 quamvis
1151 1477 1200 1514 ab
1231 1476 1317 1526 ipsa
1348 1476 1522 1515 alienum
1553 1476 1608 1515 sit
1635 1476 1684 1514 de

234 1544 491 1594 Clitophonte
532 1544 830 1595 disquisitione,
876 1548 1009 1582 tamen
1048 1544 1233 1582 nonnihil
1273 1545 1372 1584 lucis
1404 1546 1438 1583 ei
1471 1545 1690 1583 allaturum'

234 1626 320 1652 esse
349 1625 476 1664 spero.
539 1611 650 1653 Quae
681 1612 787 1650 enim
818 1612 946 1651 adhuc
978 1613 1026 1650 de
1056 1613 1237 1652 Platonis
1258 1613 1481 1664 Republica
1510 1612 1682 1663 exposui

235 1681 455 1721 seiunctum
489 1681 638 1721 editum
671 1693 756 1720 esse
786 1680 933 1719 librum
964 1681 1147 1731 primum,
1178 1685 1263 1721 tum
1287 1682 1544 1734 Clitophonte
1574 1670 1681 1721 edito
1730 1733 1732 1735 K

231 1750 409 1804 reliquos
430 1750 554 1790 libros
576 1750 689 1803 quasi
709 1763 944 1801 responsum
966 1750 1147 1789 Platonis
1168 1751 1373 1801 prodiisse,
1407 1751 1682 1804 quaestionem
1731 1736 1734 1739 i

234 1820 344 1858 illam
382 1819 580 1870 attingere
619 1822 787 1869 cogunt,
831 1831 932 1872 quae
973 1819 1207 1869 gravissima
1236 1820 1395 1859 videtur
1425 1834 1510 1860 esse
1541 1818 1683 1860 studiis

236 1888 456 1928 Platonicis
495 1892 615 1941 atque
645 1889 789 1927 iterum
820 1888 1046 1940 iterumque
1077 1889 1388 1927 controversiam
1419 1888 1546 1928 movit
1574 1901 1681 1927 acer-

236 1957 389 1996 rimam.
448 1957 499 1995 In
538 1969 618 2009 qua
654 1956 936 2006 investiganda
977 1970 1064 1995 cum
1095 1970 1296 2005 versarer,
1340 1946 1449 1996 ortae
1490 1957 1683 2009 quaedam
1734 1967 1738 1969 ’
1796 2007 1807 2010 „

235 2025 332 2063 mihi
363 2029 459 2064 sunt
488 2025 755 2072 difficultates,
787 2037 886 2077 quas
907 2025 939 2063 si
963 2025 1052 2078 quis
1074 2026 1216 2064 melius
1238 2026 1392 2066 solvere
1414 2029 1557 2077 potest,
1587 2012 1697 2076 gau-i
1733 2015 1825 2071 ,5-Ἶῖἶί

235 2094 349 2143 debo,
380 2108 488 2134 nunc
508 2106 604 2134 vero
627 2107 757 2133 meum
778 2106 920 2133 censeo
945 2094 1126 2145 proferre
1147 2108 1249 2148 quae
1271 2108 1334 2134 me
1355 2082 1682 2135 animadvertisse
1710 2102 1724 2116 ⁸
1747 2087 1750 2090 Δ

233 2168 331 2215 puto
363 2168 483 2217 atque
513 2162 708 2203 rationem
739 2162 926 2216 viamque
956 2176 1178 2214 proponere
1209 2177 1326 2217 quam
1357 2169 1493 2204 secuto
1518 2177 1565 2204 ea
1588 2157 1683 2212 enoss

237 2234 350 2273 dasse
381 2233 671 2287 quodammodo
704 2232 801 2270 mihi
823 2232 999 2271 videbar.
1059 2233 1158 2272 Dico
1190 2235 1463 2286 quaestionem
1493 2233 1602 2273 illam
1633 2234 1684 2274 de
1828 2225 1834 2232 ’

234 2302 495 2353 Reipublicae
516 2302 697 2341 Platonis
728 2301 903 2340 editione
934 2302 1000 2340 vel
1029 2303 1273 2342 recensione.
1335 2302 1462 2345 Quam
1493 2303 1563 2356 qui
1591 2316 1682 2355 par·
1745 2295 1770 2347 ’ἷῖ

231 2371 428 2410 ticulatim
458 2371 524 2411 vel
545 2374 671 2409 ortam
702 2370 767 2409 vel
789 2370 934 2409 editam
967 2383 1052 2409 esse
1084 2372 1341 2419 contendunt,
1373 2372 1527 2410 duobus
1547 2357 1691 2412 nitunss
1749 2356 1757 2360 ἢ

233 2443 299 2480 tur
319 2439 579 2480 testimoniis:
609 2438 791 2479 Panaetii
815 2442 934 2493 atque
958 2441 1227 2491 Euphorionis
1242 2441 1292 2493 ⁸),
1324 2442 1393 2494 qui
1415 2445 1570 2481 mortuo
1592 2438 1707 2491 Pla-fs

233 2514 328 2549 tone
366 2509 551 2548 tabellam
592 2509 797 2548 inventam
839 2521 925 2547 esse
962 2510 1144 2557 tradunt,
1186 2509 1229 2548 in
1260 2524 1339 2562 qua
1376 2510 1505 2560 prima
1534 2499 1704 2562 dialog&

330 2623 361 2664 1)
386 2623 543 2654 Similiter
567 2624 811 2654 confunduntur
835 2624 960 2654 iustitia
985 2627 1017 2654 et
1041 2625 1223 2655 moderatio
1250 2624 1350 2664 Gorg.
1379 2635 1410 2664 p.
1432 2626 1498 2657 407
1514 2634 1617 2656 8-0.-

327 2681 361 2721 2)
386 2682 485 2712 Mem.
507 2682 555 2710 1v
581 2683 613 2719 4,
642 2683 684 2712 10
701 2691 774 2720 sqq.
1002 2678 1004 2680 ’
1671 2709 1681 2728 .·
1701 2722 1703 2724 η

327 2738 362 2781 3)
393 2739 491 2779 Diog.
524 2739 636 2770 Laert.
667 2739 717 2769 111
750 2741 809 2780 733
845 2738 986 2779 Dionys.
1022 2739 1128 2771 Halic.
1163 2740 1203 2771 de
1233 2750 1339 2781 comp.
1371 2740 1463 2772 verb.
1497 2750 1531 2781 p.
1550 2734 1708 2786 zosas

234 2797 346 2839 Quint.
374 2798 455 2828 vm
481 2799 513 2836 6,
540 2798 592 2827 64.
