1908 3226
785 687 1127 737 Vita.

355 903 554 942 Martinus
583 904 810 957 Fridericus
840 904 1036 943 Rudolfus
1067 906 1224 943 Kunert
1253 908 1369 943 natus
1399 918 1483 943 sum
1507 903 1681 943 custrini
1724 939 1727 943 ,
1768 920 1770 923 ’

234 985 268 1011 a.
291 973 327 1011 d.
349 972 418 1012 IV.
440 972 544 1010 Non.
569 971 643 1010 Iul,
675 985 707 1011 a.
735 973 840 1011 1857
873 976 985 1023 patre
1017 972 1189 1012 Rudolfo
1230 976 1271 1012 et
1299 972 1504 1012 Dorothea
1540 977 1677 1022 matre,

236 1055 335 1093 quos
375 1042 503 1080 adhuc
540 1042 775 1091 superstites
814 1054 899 1080 esse
937 1042 1053 1080 valde
1093 1043 1257 1091 gaudeo.
1319 1041 1559 1081 Litterarum
1600 1042 1679 1080 ele-

235 1110 381 1149 mentis
422 1109 594 1149 Custrini
639 1109 791 1149 imbuto
834 1110 981 1161 optime
1022 1110 1119 1148 mihi
1162 1110 1353 1160 contigit,
1399 1113 1445 1149 ut
1483 1109 1678 1162 gymnasii

236 1178 525 1228 Colbergensis‚
559 1180 663 1231 quod
690 1182 774 1218 tum
798 1180 841 1218 P.
864 1179 1119 1218 Schmiedero
1150 1183 1304 1219 rectore
1329 1179 1510 1227 florebat,
1541 1179 1678 1218 fierem

236 1247 464 1297 discipulus.
514 1247 759 1286 Maturitatis
780 1248 1009 1286 testimonio
1031 1248 1249 1286 instructus
1274 1260 1307 1286 a.
1329 1249 1436 1287 1876
1459 1248 1679 1297 Tubingam

235 1329 297 1354 me
320 1315 483 1364 contuli,
515 1317 583 1355 ubi
615 1317 770 1355 scholas
791 1317 1045 1368 frequentavi
1068 1317 1249 1364 Teufelii,
1281 1318 1467 1365 Kostlini‚
1500 1317 1679 1366 Kugleri.

235 1384 334 1422 Tum
357 1384 627 1423 Berolinensis
657 1385 880 1423 academiae
904 1384 1002 1423 civis
1022 1385 1094 1432 fui,
1124 1385 1193 1422 ubi
1214 1396 1277 1422 me
1299 1385 1518 1423 docuerunt
1538 1384 1680 1423 Kirch-

233 1453 633 1501 hoffius‚·Zellerus,
665 1454 697 1491 I.
719 1452 981 1501 Schmidtius,
1014 1452 1365 1502 Wattmbachius,
1406 1453 1679 1493 Steinthalius.

235 1523 340 1562 Vere
371 1523 467 1561 anni
502 1522 610 1561 1878
650 1523 792 1561 almam
829 1523 931 1560 hanc
962 1522 1183 1561 studiorum
1214 1523 1346 1561 sedem
1387 1522 1486 1569 adii;
1528 1522 1682 1561 scholas

232 1592 485 1645 frequentavi
509 1592 754 1642 Kiesslingii‚
783 1591 1063 1639 Luetiohanni‚
1086 1591 1417 1639 Reifferscheidii,
1439 1590 1679 1639 Susemihlii,

236 1662 283 1698 de
314 1660 625 1700 Wilamowitzii.
686 1660 896 1697 seminarii
935 1660 1169 1709 philologici
1207 1660 1505 1698 moderantibus
1545 1660 1682 1697 Kiess-

234 1729 361 1778 lingio
393 1734 434 1768 et
462 1729 770 1769 Wilamowitzio
802 1728 947 1767 sodalis
983 1728 1042 1766 fui
1074 1728 1412 1767 extraordinarius
1450 1729 1526 1767 duo
1556 1740 1679 1767 seme-

236 1799 343 1846 stria,
376 1797 600 1836 ordinarius
619 1810 755 1846 unum,
785 1810 859 1835 nec
880 1810 961 1834 non
985 1797 1118 1835 senior
1139 1796 1387 1846 designatus,
1418 1810 1496 1849 quo
1517 1808 1682 1834 munere

237 1867 449 1919 quominus
479 1866 678 1915 fungerer,
711 1865 888 1915 corporis
917 1865 1149 1903 infirmitate
1179 1865 1435 1914 impediebar.

353 1935 718 1976 Exercitationibus
756 1935 837 1975 suis
867 1938 915 1974 ut
942 1935 1176 1974 interessem
1206 1934 1380 1984 benigne
1417 1933 1683 1985 permiserunt

237 2005 527 2056 germanisticis
557 2004 930 2053 Reifferscheidius,
962 2003 1214 2043 aristotelicis
1244 2003 1525 2051 Susemihlius,
1558 2002 1682 2041 Wila-

236 2074 461 2113 mowitzius
482 2073 669 2111 metricis.
728 2073 806 2111 His
840 2073 938 2112 viris
972 2072 1270 2119 illustrissimis,
1315 2071 1511 2124 imprimis
1546 2071 1681 2109 Kiess-

237 2143 362 2193 lingio
395 2146 436 2182 et
465 2142 798 2190 Wssamowitzio,
841 2141 1165 2192 praeceptoribus
1202 2140 1486 2190 singularibus,
1530 2138 1683 2178 debitas

237 2213 302 2251 hic
334 2212 481 2263 gratias
513 2225 600 2261 ago.
