1908 3221
767 207 1050 252 ...35-

187 312 241 352 de
270 311 485 361 generibus
514 311 751 351 iniustitiae.
798 313 966 351 Frustra
997 315 1155 366 quaeris
1181 328 1258 367 quo
1281 316 1523 354 cohaereant
1542 315 1631 354 vin-

119 387 131 398 ''
166 382 279 429 'culo
320 380 596 421 diversissima
623 381 696 420 illa
726 382 955 431 enuntiata,
996 383 1155 436 iamque
1196 388 1364 436 apparet
1403 384 1471 423 hic
1500 398 1631 437 neque

119 453 132 502 f,
190 450 289 495 alibi
327 449 507 500 incipere
547 450 595 487 de
627 463 705 501 qua
742 450 894 499 agimus
926 451 1225 499 digressionem.
1285 455 1420 505 Atque
1451 466 1521 491 cur
1549 467 1631 491 non

158 548 165 551 -
189 521 300 558 recta
319 518 388 558 via
415 521 595 557 transeat
624 519 673 556 ad
704 519 978 570 quaestionem
1007 521 1056 558 de
1086 521 1246 558 feminis
1276 521 1565 560 instituendam
1598 522 1631 559 si

128 604 153 639 χ
192 586 363 639 quaeris,
383 587 427 625 id
445 587 563 626 facile
585 590 647 625 est
667 587 871 638 expeditu.
917 588 1129 626 Iudicandi
1151 589 1257 627 enim
1278 593 1394 628 erant
1412 590 1508 629 libri
1525 590 1631 628 VIII

191 659 232 696 et
251 656 317 695 IX
336 657 474 696 eadem
493 657 661 705 ratione,
694 669 772 708 qua
800 656 844 694 in
874 656 992 695 initio
1022 656 1119 696 libri
1150 658 1282 710 quarti
1310 658 1477 697 indicati
1504 662 1629 698 erant.

190 726 383 763 Attamen
422 739 503 763 non
542 739 706 775 prorsus
747 725 885 763 eadem
921 725 989 763 hic
1028 729 1171 774 regnat
1200 726 1316 764 ratio.
1378 726 1494 767 Quod
1524 727 1631 765 enim

189 792 234 831 in
265 797 406 845 quarto
436 793 542 833 libro
562 808 684 832 unam
714 797 871 832 tantum
901 793 1079 833 indicare
1109 794 1280 832 licuerat
1311 795 1517 834 civitatem
1539 810 1629 846 pro-

190 864 282 913 pter
312 862 534 914 appositam
565 876 684 915 quam
713 863 829 901 modo
860 862 1100 914 depinxerat
1130 863 1340 914 optimam,
1378 867 1514 902 nostro
1544 865 1631 902 loco

136 933 138 935 ’
190 930 312 970 huius
350 931 411 969 rei
450 931 510 970 nil
551 932 769 970 curandum
800 935 871 970 est.
931 933 1058 970 Immo
1091 934 1302 982 oportebat
1343 932 1492 970 alicubi
1521 946 1632 970 mon-

191 999 312 1037 strari
333 999 430 1051 quid
458 999 511 1038 sit
539 1000 732 1047 futurum,
763 1013 813 1038 ne
843 1000 1143 1050 inexspectatae
1173 999 1415 1039 invaderent
1441 1003 1631 1052 quattuor

193 1068 242 1107 de
273 1068 418 1121 quibus
449 1068 508 1107 nil
539 1069 720 1108 auditum
751 1072 838 1108 erat
867 1070 999 1108 urbes,

71 1185 83 1189 „
148 1190 151 1192 q
305 1138 389 1175 Nec
418 1151 500 1175 non
531 1137 601 1176 ubi
632 1138 840 1176 claudatur
870 1150 1061 1176 excursus
1096 1136 1228 1186 ignari
1260 1151 1407 1176 sumus.
1466 1139 1633 1176 Peracta

40 1209 76 1233 ⁷
192 1204 299 1244 enim
330 1206 378 1244 de
408 1206 569 1244 feminis
601 1206 835 1258 quaestione
866 1206 1094 1258 additisque
1126 1206 1365 1258 quibusdam
1390 1205 1479 1244 aliis
1501 1206 1635 1257 pergit

69 1266 76 1273 ’
192 1287 230 1324 p.
254 1273 392 1312 473b:
425 1270 467 1311 τό
501 1271 542 1311 δὲ
574 1271 622 1324 δή
655 1270 751 1322 μετά
783 1275 913 1320 τοῦτο,
948 1268 1002 1318 οἷς
1033 1272 1149 1320 ἔοικε,
1182 1270 1414 1324 πειρώμεθα
1447 1276 1571 1323 ζητεῖν
1594 1288 1632 1312 τε

192 1339 260 1379 καὶ
290 1338 590 1389 ἀποδεικνύναι,
625 1343 660 1381 τί
690 1357 784 1381 ποτε
816 1344 886 1380 νῦν
907 1344 1040 1387 κακῶς
1072 1340 1112 1381 ἐν
1134 1344 1218 1387 ταῖς
1245 1338 1379 1380 πόλεσι
1411 1338 1630 1393 πράττεται,

12 1416 71 1447 *Y
194 1404 244 1447 δι’
279 1405 302 1448 ὃ
341 1407 413 1460 οὐχ
454 1407 583 1457 οὕτως
625 1410 826 1449 οἰκοῦνται
867 1410 934 1448 καὶ
978 1411 1084 1456 τίνος
1124 1406 1174 1448 ἂν
1214 1407 1477 1460 σμικροτάτου
1520 1424 1632 1460 μετα-

23 1474 56 1531 ’ζῄ
195 1474 386 1529 βαλόντος
417 1478 530 1519 ἔλθοι
561 1478 614 1527 εἷς
645 1482 783 1519 τοῦτον
815 1476 883 1519 τόν
909 1476 1056 1530 τρόπον
1086 1481 1155 1529 τῆς
1186 1479 1383 1525 πολιτείας
1413 1476 1526 1526 πόλις
1555 1478 1630 1519 mss.

22 1545 64 1597 'j‘
194 1546 305 1589 Quae
336 1549 497 1601 quidem
523 1550 742 1601 disputatio
763 1551 938 1601 perbene
960 1549 1114 1600 excipit
1145 1548 1419 1601 quaestionem
1440 1550 1488 1588 de
1517 1549 1633 1587 iusti-

13 1604 51 1670 Ξ
104 1638 108 1640 -
191 1615 251 1654 tia
281 1619 400 1670 atque
430 1618 634 1658 iniustitia
663 1633 701 1671 p.
726 1621 829 1666 444,
870 1617 1019 1671 quippe
1049 1617 1262 1656 traducens
1291 1618 1341 1656 ad
1370 1617 1633 1669 philosophos

24 1672 47 1693 :gf
80 1686 82 1689 ,

190 1683 235 1722 111
265 1686 416 1736 optima
445 1688 652 1739 republica
681 1691 915 1736 regnantes,
955 1687 1092 1738 itaque
1131 1687 1180 1724 ad
1216 1700 1315 1737 opus
1347 1688 1453 1738 quod
1483 1687 1632 1726 dicitur

191 1751 371 1794 iustitiae
400 1755 738 1806 investigandum.

305 1824 543 1865 Revertitur
574 1827 623 1865 ad
653 1825 899 1878 propositam
930 1828 1050 1877 atque
1080 1797 1350 1875 interruptam
1380 1826 1428 1863 de
1454 1825 1632 1864 utilitate

190 1891 371 1933 iustitiae
402 1894 717 1946 disputationem
746 1894 790 1933 in
819 1894 923 1933 libro
945 1893 1011 1931 IX
1039 1908 1078 1944 p.
1103 1895 1239 1933 588b:
1284 1889 1420 1944 ἐπειδὴ
1453 1891 1630 1932 ἐνταῦθα

191 1957 312 2013 λόγου
343 1960 568 2014 γεγόναμεν,
601 1960 859 2013 ἀναλάβωμεν
889 1977 935 1999 τα
968 1964 1106 2012 πρῶτα
1136 1961 1344 2012 λεχθέντα,
1389 1957 1437 2000 δι’
1467 1978 1492 2000 α
1526 1957 1630 2011 δεῦρ’

193 2024 357 2081 ἥκομεν.
403 2031 454 2082 ἠν
485 2031 529 2071 δέ
559 2046 639 2071 που
668 2028 879 2085 λεγόμενον
903 2032 1108 2069 λυσιτελεῖν
1131 2026 1280 2070 adauctu
1311 2031 1363 2085 τῷ
1395 2029 1532 2077 τελέως
1562 2028 1631 2080 μὲν

168 2094 336 2154 efflata),
369 2099 613 2155 δοξαζομένῳ
646 2099 684 2139 ὁὲ
716 2101 876 2139 δικαίω·
908 2095 935 2149 η’
966 2095 1038 2149 οὐχ
1070 2095 1198 2144 οὕτως
1223 2098 1386 2149 ἐλέχθη,
1423 2096 1537 2137 Οὕτω
1563 2097 1633 2149 μὲν

194 2159 280 2208 οὖν.
345 2171 436 2209 Νῦν
467 2165 516 2220 δὴ
548 2168 665 2221 ἔφην,
704 2166 812 2224 αὐτῷ
843 2164 1128 2221 διαλεγώμεθα,
1170 2164 1306 2219 ἐπειδὴ
1338 2164 1630 2221 διωμολογησά-

192 2240 300 2288 μεθα
330 2235 376 2277 τό
407 2253 446 2278 τε
488 2236 640 2278 ἀδικεῖν
679 2237 746 2277 καὶ
786 2234 828 2277 τό
871 2237 1003 2276 δίκαια
1045 2234 1230 2288 πράττειν
1259 2233 1310 2287 ἣν
1340 2234 1527 2289 ἑκάτερον
1557 2236 1632 2288 ἔχει

195 2301 378 2357 δύναμιν.
405 2294 409 2296 ,
438 2309 555 2347 Itane
586 2307 710 2347 vero?
770 2308 895 2346 Estne
933 2321 975 2345 re
1006 2320 1104 2346 vera
1134 2310 1266 2346 actum
1305 2307 1354 2345 de
1394 2320 1513 2358 opere
1545 2321 1632 2346 cum

190 2375 372 2418 iustitiae
413 2380 500 2416 tum
539 2376 793 2416 iniustitiae?
863 2378 920 2414 At
962 2377 1079 2428 quale
1120 2375 1201 2414 fuit
1239 2375 1464 2415 iniustitiae
1507 2376 1632 2428 opus?

174 2446 310 2486 'Nihil
337 2447 551 2487 inventum
581 2448 659 2493 est,
690 2445 770 2484 nisi
799 2445 996 2483 iniustum
1024 2445 1130 2483 iusto
1161 2445 1287 2483 multo
1319 2458 1405 2483 esse
1433 2445 1630 2484 infelicio-

192 2528 290 2556 rem.
340 2517 418 2556 Sed
447 2515 637 2569 quidnam
659 2514 821 2553 omnino
853 2528 938 2553 esse
969 2516 1102 2566 potest
1130 2513 1355 2552 iniustitiae
1386 2528 1497 2565 opus,
1527 2516 1632 2566 quod

194 2588 421 2638 opponatur
441 2598 592 2624 summo
614 2583 895 2634 philosophiae
915 2583 1096 2621 Platonis
1117 2582 1202 2630 fini,
1228 2582 1356 2621 ideis?
1403 2583 1479 2621 Suo
1501 2584 1630 2622 Marte

182 2654 370 2707 'primum
412 2654 601 2694 omiserat
640 2653 689 2691 de
720 2666 765 2691 eo
798 2652 903 2705 quod
940 2666 1021 2691 non
1060 2654 1173 2691 extat
1212 2651 1428 2702 disputare.
1487 2653 1631 2691 Postea

116 2745 144 2779 .'
196 2724 302 2776 quod
329 2723 374 2762 in
403 2722 667 2772 marginatam
696 2722 801 2759 hanc
830 2721 1008 2759 tabulam
1037 2720 1244 2759 includere
1274 2720 1433 2768 statuit,
1474 2734 1555 2758 non
1584 2724 1633 2758 ut

195 2794 472 2845 compensaret
490 2789 784 2843 praetermissa,
816 2790 885 2829 sed
906 2789 985 2828 alia
1005 2789 1054 2828 de
1076 2802 1194 2828 causa
1222 2789 1372 2828 factum
1393 2802 1477 2828 esse
1498 2789 1630 2829 debet.

185 2861 187 2863 .
1294 2860 1316 2894 3
1330 2853 1357 2877 ,ἒ
