1908 3221
856 221 1111 265 -7-

265 328 448 369 hostibus
492 329 653 382 quidem
701 328 923 369 nocendum
969 341 1055 369 esse
1100 328 1279 369 docuisse
1321 329 1507 380 Clitopho
1552 327 1712 368 narret?

263 398 392 438 Immo
424 399 530 451 quod
562 399 814 451 quaeritabat
836 399 963 438 adhuc
985 411 1027 438 se
1049 399 1225 438 nondum
1247 398 1444 450 reperisse
1467 398 1575 438 dicit.
1634 398 1712 437 Sed

213 487 227 493 ³
262 467 298 507 si
327 468 484 518 saepius
516 481 567 506 ex
596 468 735 506 iisdem
768 468 1039 520 quaesiverat,
1086 481 1152 506 cur
1192 481 1272 506 non
1316 468 1422 520 quod
1463 468 1606 506 iterum
1649 480 1710 505 re-

262 537 516 589 sponderant,
549 534 754 575 audimus?
813 538 877 574 An
908 536 1012 575 idem
1043 539 1162 589 atque
1192 537 1296 575 idem
1327 537 1514 576 hariolati
1546 535 1665 575 sunt?

379 605 487 647 Quas
527 606 781 644 difficultates
821 605 1009 643 facillime
1040 606 1201 643 enodari
1232 606 1406 652 videbis,
1451 606 1483 643 si
1516 619 1597 644 non
1629 607 1707 643 iam

262 675 311 713 de
342 673 590 713 sermonibus
619 687 662 712 re
692 686 788 712 vera
816 673 964 712 habitis
994 673 1169 722 cogitare
1199 673 1349 723 placet,
1391 675 1457 712 sed
1490 675 1538 713 de
1569 674 1708 713 Socra—

258 743 428 782 ticorum
458 742 616 791 placitis
645 743 688 780 in
718 742 832 780 libris
862 741 1121 792 provulgatis.
1182 742 1297 780 Ficta
1320 755 1478 794 quoque
1510 756 1590 780 non
1613 755 1710 782 vera

261 814 323 852 est
351 814 436 850 tota
466 810 734 861 Clitophontis
764 824 852 850 cum
883 810 1044 850 Socrate
1075 810 1311 861 disputatio,
1353 811 1445 850 ficta
1474 818 1597 850 totius
1628 811 1709 849 dia-

259 879 342 930 logi
372 879 510 918 forma.

376 949 452 988 His
482 949 654 999 peractis
685 950 733 987 ad
764 949 891 999 ipsam
922 949 1153 988 accedamus
1196 948 1470 1001 quaestionem
1510 951 1707 987 nostram:

260 1016 422 1070 quinam
461 1030 722 1070 quorumnam
761 1017 853 1056 libri
892 1020 997 1056 tecte
1036 1017 1116 1056 sint
1157 1017 1390 1067 significati,
1434 1017 1541 1055 unde
1579 1023 1619 1056 et
1659 1018 1706 1056 de

257 1090 436 1136 tempore
466 1089 507 1124 et
536 1087 584 1123 de
612 1086 775 1134 ingenio
807 1086 1011 1135 scriptoris
1041 1099 1121 1124 non
1152 1099 1278 1135 pauca
1307 1086 1532 1124 elucebunt.

378 1155 523 1200 Ταῦτα,
556 1144 586 1191 ὦ
609 1149 835 1204 Σώκρατες,
868 1149 943 1205 ἐγώ
975 1155 1164 1193 τελευτῶν
1194 1152 1262 1192 καὶ
1289 1150 1329 1192 σὲ
1360 1149 1484 1192 αὐτόν
1515 1149 1698 1203 ἠρώτων,

258 1220 326 1262 καὶ
359 1217 465 1269 εἶπές
495 1237 560 1273 μοι
603 1219 860 1273 δικαιοσύνης
900 1217 1001 1261 εἶναι
1041 1218 1135 1268 τούς
1175 1220 1244 1272 μὲν
1287 1218 1460 1274 ἐχθρούς
1500 1218 1702 1272 βλάπτειν,

256 1286 351 1337 τούς
381 1288 423 1330 δὲ
454 1291 595 1340 φίλους
625 1283 670 1329 εὖ
692 1294 832 1330 ποιεῖν.
877 1288 1041 1342 ὕστερον
1072 1289 1114 1330 δὲ
1137 1288 1266 1342 ἐφάνη
1296 1291 1486 1342 βλάπτειν
1515 1305 1556 1343 γε
1589 1286 1702 1330 οὐδέ-

256 1372 354 1399 ποτε
384 1353 408 1399 ὅ
438 1359 589 1406 δίκαιος
627 1356 792 1399 οὐδένα·
836 1355 964 1398 πάντα
1003 1355 1077 1412 γάρ
1110 1355 1168 1400 ἐπ’
1200 1355 1369 1415 ὠφελείᾳ
1401 1356 1553 1407 πάντας
1585 1359 1699 1413 ὁρᾶν.

259 1431 374 1468 Itane
404 1430 524 1468 vero?
569 1430 766 1468 Docuitne
799 1443 842 1468 re
872 1443 968 1469 vera
997 1430 1074 1467 iam
1106 1430 1288 1468 Socrates
1320 1430 1425 1481 quod
1458 1430 1703 1467 simillimum

256 1500 319 1536 est
349 1501 484 1536 sancto
516 1497 661 1536 Christi
693 1501 924 1548 praecepto:
955 1498 1090 1536 hostes
1121 1500 1310 1544 amatote,
1342 1510 1391 1536 an
1424 1497 1605 1536 Platonis
1637 1498 1702 1537 de-

254 1581 361 1605 mum
391 1570 437 1606 ut
466 1567 543 1605 alia
571 1567 647 1605 hoc
678 1580 838 1618 quoque
876 1566 1051 1616 palmare
1091 1571 1151 1605 est
1179 1566 1415 1606 inventum?
1477 1566 1587 1607 Quae
1623 1570 1702 1605 tra-

254 1637 402 1675 duntur
431 1636 505 1674 hac
535 1635 581 1673 de
615 1648 658 1673 re
687 1648 711 1673 a
733 1635 1006 1685 Xenophonte
1036 1638 1077 1674 et
1105 1647 1128 1672 a
1149 1635 1316 1674 Platone
1347 1636 1394 1673 ad
1427 1635 1700 1688 quaestionem

253 1704 512 1743 dirimendam
544 1705 706 1743 minime
737 1704 960 1752 sufficiunt,
993 1706 1099 1756 quod
1129 1704 1195 1743 vel
1224 1705 1400 1743 Zellerus
1416 1705 1453 1755 l)
1485 1706 1700 1743 concedere

229 1776 410 1812 -coactus
441 1777 511 1811 est.
571 1773 685 1812 Plato
725 1776 857 1811 autem
888 1773 1041 1811 duobus
1082 1772 1180 1811 locis
1212 1772 1306 1824 quid
1337 1773 1491 1812 Socrati
1522 1773 1589 1812 vel
1620 1773 1697 1812 sibi

250 1841 329 1892 ipsi
351 1842 484 1892 potius
505 1841 634 1881 visum
656 1841 718 1889 sit,
740 1841 958 1892 expedivit.
1000 1842 1048 1878 In
1066 1841 1226 1880 Critone
1248 1841 1404 1891 dialogo
1427 1856 1466 1892 p.
1484 1845 1536 1880 49
1552 1855 1575 1879 a
1595 1855 1695 1894 sqq„

251 1910 321 1949 ubi
358 1910 437 1948 iam
476 1910 633 1961 saepius
671 1910 776 1949 idem
814 1923 855 1949 se
886 1910 1065 1950 docuisse
1107 1910 1294 1962 narrat2)
1335 1910 1446 1951 etin
1478 1910 1701 1962 Republica

345 2070 379 2112 1)
403 2070 489 2103 Phil.
515 2071 545 2101 d.
572 2070 628 2101 Gr.
654 2072 711 2101 1Ιέι
738 2073 812 2103 143.

343 2125 377 2171 2)
401 2128 589 2167 Respicitur
611 2129 682 2159 sine
707 2128 806 2159 dubio
838 2130 970 2167 praeter
994 2128 1136 2167 primum
1160 2127 1375 2167 Reipublicae
1408 2128 1528 2159 librum
1554 2128 1696 2168 Gorgias

249 2184 419 2224 Platonis,
457 2195 553 2225 quem
578 2187 746 2226 dialogum
781 2189 857 2217 ante
883 2186 1052 2217 Critonem
1085 2186 1243 2225 scriptum
1275 2195 1348 2217 esse
1373 2186 1471 2217 certis
1493 2187 1696 2225 argumentis

249 2242 397 2281 expediri
430 2246 548 2282 potest.
598 2243 752 2274 Continet
785 2244 872 2274 enim
906 2244 1089 2274 doctrinam
1120 2244 1280 2273 moralem
1312 2246 1348 2273 ut
1371 2243 1417 2273 ita
1447 2243 1554 2274 dicam
1587 2244 1695 2274 minus

248 2300 455 2331 Platonicam
480 2310 579 2340 quam
605 2301 695 2333 Crito
730 2305 829 2340 atque
853 2301 990 2331 Politias
1024 2301 1108 2332 liber
1131 2301 1276 2340 primus,
1315 2310 1389 2331 cum
1412 2301 1607 2340 quibusdam
1633 2301 1693 2332 sub

246 2358 494 2390 condicionibus
517 2359 668 2390 admittat
690 2356 728 2391 τὸ
755 2358 873 2396 κακῶς
897 2361 1001 2391 ποιεῖν
1026 2360 1092 2390 480
1108 2369 1144 2389 e:
1178 2354 1366 2391 τούναντίον
1391 2357 1431 2391 δέ
1456 2368 1495 2399 γε
1520 2349 1565 2391 αὖ
1590 2369 1691 2399 μετα-

249 2410 408 2459 βαλόντα,
435 2414 465 2449 εἰ
482 2409 548 2458 ἄρα
570 2417 627 2450 δεῖ
647 2426 720 2449 τινα
744 2415 864 2454 κακῶς
886 2418 1002 2456 ποιεῖν,
1027 2411 1087 2449 εἴτ’
1105 2411 1227 2459 ἐχὲῐρὸν
1254 2414 1321 2449 εἴτε
1346 2411 1490 2449 ὁντινοῦν
1513 2412 1582 2449 κτὲ.
1609 2417 1693 2448 sicut

247 2473 410 2512 gradatim
433 2475 529 2505 Plato
561 2475 737 2505 recessisse
763 2475 915 2505 videatur
948 2484 968 2503 a
991 2474 1124 2512 vulgari
1150 2473 1351 2504 Graecorum
1385 2474 1527 2512 placito:
1561 2472 1691 2507 δίκαιον

246 2525 333 2563 εἶναι
354 2527 435 2568 τοὺς
460 2529 519 2571 μὲν
536 2529 654 2573 φίλους
679 2524 720 2564 εὖ
735 2533 849 2569 ποιεῖν,
875 2527 955 2567 τούς
972 2526 1004 2563 δ’
1022 2527 1167 2573 ἐχξῒροῦς
1192 2526 1362 2573 βλάπτειν,
1388 2530 1479 2560 cuius
1496 2539 1691 2569 progressus

244 2586 519 2628 Euthyphronem
551 2598 680 2628 quoque
715 2589 882 2628 dialogum
919 2598 1019 2618 unum
1050 2597 1122 2618 esse
1156 2588 1295 2627 gradum
1319 2588 1591 2618 Wilamowitzius
1623 2588 1691 2618 ani-

243 2646 422 2677 madvertit
450 2647 551 2685 (Phil.
576 2647 709 2677 Unters.
736 2647 751 2677 I
777 2648 869 2685 219).
919 2647 1010 2678 Crito
1044 2656 1124 2677 vero
1160 2647 1339 2685 perfectam
1373 2649 1470 2684 atque
1505 2645 1689 2675 absolutam

243 2703 329 2737 hanc
359 2704 542 2746 doctrinam
575 2704 729 2743 praebet,
767 2707 864 2743 atque
889 2713 962 2735 cum
995 2704 1127 2743 saepius
1161 2704 1227 2734 iam
1252 2705 1292 2735 de
1318 2704 1434 2734 eadem
1459 2713 1494 2734 re
1519 2713 1554 2733 se
1581 2703 1689 2741 egisse

243 2760 339 2792 Plato
362 2764 597 2811 commemoret
618 2763 676 2800 (49
691 2762 725 2801 a)
749 2771 814 2792 non
831 2760 956 2800 dubito,
981 2761 1059 2800 quin
1078 2764 1153 2800 post
1168 2761 1310 2801 primum
1327 2770 1457 2799 quoque
1473 2759 1689 2799 Reipublicae

124 2816 141 2836 ’-
196 2847 200 2849 μ
243 2817 365 2850 librum
389 2817 480 2850 Crito
504 2819 547 2850 sit
570 2818 686 2851 editus.
730 2824 734 2829 ·
