1908 3226
342 900 402 939 De
432 899 700 950 Clitophontis
732 899 878 950 dialogi
909 903 949 939 et
978 902 1156 950 tempore
1187 903 1228 939 et
1257 902 1417 939 auctore
1449 900 1672 940 diversissi-

225 980 311 1007 mae
353 968 686 1007 circumferuntur
727 968 947 1019 opiniones.
1019 967 1098 1010 Qui
1139 981 1189 1006 an
1232 968 1284 1008 sit
1322 968 1608 1009 abiudicandus
1650 982 1673 1007 a

186 1037 189 1038 ⁷
224 1037 392 1076 Platone
423 1049 517 1075 sane
548 1044 683 1076 nostra
713 1038 869 1075 demum
900 1040 1028 1075 aetate
1059 1037 1231 1074 dubitari
1263 1040 1447 1087 coeptum
1479 1042 1549 1085 est,
1583 1051 1672 1076 cum

224 1109 405 1146 veterum
435 1118 570 1153 nemo,
603 1109 794 1158 quantum
826 1105 923 1153 scio,
957 1106 1005 1143 de
1035 1105 1271 1144 auctoritate
1302 1105 1387 1144 eius
1417 1105 1672 1146 dubitaverit.

225 1175 353 1214 Immo
384 1174 417 1213 si
449 1187 499 1212 ex
529 1174 661 1213 Procli
692 1178 732 1213 et
762 1174 911 1213 Laertii
943 1174 1187 1224 Diogenisl)
1218 1174 1352 1213 verbis
1384 1174 1592 1225 collegeris
1622 1176 1670 1214 ad

224 1256 348 1283 unum
380 1256 516 1282 omnes
546 1243 704 1282 Platoni
735 1242 915 1282 libellum
944 1246 1123 1283 nostrum
1145 1243 1344 1292 tribuisse,
1376 1256 1449 1293 ego
1483 1244 1557 1283 tibi
1588 1257 1671 1283 non

185 1357 192 1360 ‚
227 1312 432 1365 obloquor.

338 1381 424 1419 Nec
461 1382 620 1419 nostrae
661 1380 822 1418 defuere
861 1379 1003 1426 aetati,
1048 1379 1116 1431 qui
1148 1393 1171 1417 a
1201 1379 1371 1418 Platone
1402 1382 1671 1432 conscriptum

225 1461 312 1489 esse
342 1449 640 1499 Clitophontem
672 1449 960 1487 contenderent
974 1447 1032 1498 2),
1065 1449 1169 1500 quod
1200 1452 1246 1486 ut
1275 1449 1363 1487 aliis
1394 1462 1554 1502 quoque
1584 1463 1674 1500 per-

202 1509 450 1565 suaderent,
481 1516 563 1556 vim
584 1516 772 1555 nimirum
801 1517 945 1555 afferre
975 1516 1266 1567 interpretandi
1296 1517 1371 1556 arti
1403 1518 1531 1557 coacti
1564 1523 1670 1558 sunt.

226 1588 287 1627 Ac
316 1586 703 1627 Schleiermacherus
719 1585 776 1636 3)‚
820 1589 864 1625 ut
894 1586 1063 1636 palmam
1095 1585 1203 1625 inter
1233 1598 1369 1625 omnes
1401 1587 1563 1626 omnino
1594 1588 1673 1626 fert

225 1655 474 1704 Platonicos,
523 1655 578 1694 sic
624 1654 743 1694 etiam
787 1655 830 1693 in
874 1655 1130 1706 Clitophonte
1177 1655 1420 1694 aestimando
1466 1656 1571 1695 haud
1615 1656 1673 1696 ita

187 1742 190 1744 “
226 1725 393 1765 multum
436 1737 460 1763 a
498 1736 594 1763 vero
637 1723 850 1763 aberravit.
919 1724 1011 1762 Non
1052 1737 1169 1773 posse
1216 1724 1321 1762 enim
1364 1724 1544 1763 Platonis
1586 1738 1671 1763 esse

197 1825 201 1826 γ
225 1793 372 1833 librum
412 1793 564 1843 primus
603 1785 831 1842 perspexit,
875 1791 1025 1845 quippe
1055 1792 1124 1844 qui
1156 1804 1244 1830 cum
1273 1791 1476 1831 Socratem
1506 1793 1671 1846 eiusque

228 1862 305 1916 qui.
327 1862 513 1902 dicuntur
543 1860 758 1910 discipulos
789 1864 873 1899 tum
903 1861 946 1898 in
975 1860 1114 1910 primis
1143 1860 1275 1910 ipsum
1304 1860 1514 1911 impugnet
1537 1862 1670 1900 Plato-

200 1918 204 1944 ³
225 1943 329 1978 nem.
380 1930 480 1968 Inde
502 1942 524 1968 a
543 1929 905 1978 Schleiermacheri,
937 1935 1149 1982 postquam
1173 1934 1322 1969 rectam
1343 1930 1412 1968 ille
1432 1930 1537 1970 viam
1561 1944 1672 1970 mon-

226 1999 388 2048 stravit,
425 2012 552 2051 usque
583 2000 631 2037 ad
662 2002 837 2037 nostram
867 2001 1038 2037 aetatem
1067 1998 1136 2036 alii
1167 1998 1245 2037 alia
1276 1999 1323 2037 de
1355 1998 1520 2038 consilio
1550 2002 1672 2051 atque

186 2102 190 2105 .
226 2072 387 2109 auctore
417 2068 543 2107 libelli
574 2067 701 2107 nostri
732 2071 1037 2118 proposuerunt.
1097 2069 1231 2119 Atque
1265 2080 1365 2119 quae
1391 2068 1670 2118 Boeckhius4)

191 2127 310 2180 „non
350 2136 517 2176 multum
555 2140 647 2187 post
675 2136 1082 2175 Schleiermacherum
1114 2136 1162 2175 de
1192 2149 1238 2174 eo
1270 2136 1439 2176 strictim
1471 2137 1673 2187 professus

190 2199 300 2256 “est,
331 2220 413 2246 non
433 2206 546 2244 lubet
566 2205 787 2254 negligere:
818 2206 910 2261 ‘Nec
941 2206 1065 2242 minus
1082 2204 1232 2256 salsum
1265 2211 1335 2251 est,
1370 2206 1471 2256 quod
1497 2207 1671 2256 spurium

190 2263 504 2327 .-⁷Clz'topkontem
528 2274 703 2325 plerique
723 2286 850 2311 omnes
871 2273 1086 2311 mutilatum
1109 2279 1266 2324 putant,
1300 2286 1407 2324 quem
1429 2288 1478 2312 est
1499 2276 1672 2312 auctoris

206 2331 207 2334 Ἴ
241 2341 403 2393 [auibus
443 2348 618 2380 truncum
657 2342 848 2381 exee'clzzese
887 2343 973 2380 Inde
1013 2342 1270 2393 mtelle'gz’tur,
1315 2342 1418 2395 quod
1451 2356 1499 2381 ne
1535 2344 1679 2382 vetusti

252 2413 373 2474 'fidem
403 2412 598 2450 Platonici
619 2412 855 2463 philosophi,
890 2411 1026 2463 quibus
1056 2412 1320 2462 antiquissima
1351 2413 1592 2463 exemplaria
1622 2413 1675 2450 ad

256 2545 261 2547 “
323 2534 355 2580 1)
380 2536 489 2569 Proel.
514 2536 549 2568 in
574 2536 658 2568 Tim.
677 2537 693 2567 1
716 2547 747 2578 p.
767 2538 796 2569 7.
830 2536 929 2577 Diog.
948 2536 1060 2568 Laert.
1078 2536 1130 2567 111
1147 2538 1201 2568 62.
1236 2536 1278 2567 ef.
1303 2536 1402 2568 etiam
1426 2535 1557 2577 Synesii
1572 2537 1672 2568 Dion.

252 2618 260 2627 .
285 2597 340 2628 57.

256 2685 262 2701 η,
321 2650 356 2695 2)
379 2652 503 2703 Yxmn:
527 2640 629 2698 ‘fiber
652 2651 779 2684 Plato's
803 2646 1016 2692 Kleitophon'
1041 2652 1155 2683 Berlin
1174 2653 1273 2686 1846.
1311 2651 1414 2685 Grote
1437 2652 1533 2684 Plato
1549 2652 1599 2684 111
1618 2654 1671 2685 23.

252 2725 270 2745 2
297 2708 356 2754 πε)
379 2703 503 2743 Plato's
526 2710 651 2743 Werke
676 2712 709 2742 11
735 2712 767 2751 3,
792 2711 867 2742 372.

253 2780 260 2785 ·
302 2765 364 2813 4)
376 2769 417 2801 111
439 2768 590 2801 Platonis
613 2768 669 2809 qui
693 2769 799 2799 fertur
822 2767 968 2799 Minoem
991 2777 1024 2810 p.
1045 2769 1096 2799 11.

636 3128 1163 3158 &QZ-Ad—Q-„ffiffi-
1170 3128 1458 3153 -⁴¹—‘‚„q7**h21-4-‚
1466 3139 1487 3143 -
1496 3139 1520 3142 ἡ-
