1908 3226
820 169 1077 213 -2—

227 286 376 312 manum
407 280 544 320 erant,
588 273 806 311 habuerunt
836 276 1083 324 integr-eorem
1116 273 1266 320 (Procl.
1295 275 1323 312 l.
1343 275 1411 320 1.).
1475 273 1584 316 Quos
1614 287 1675 314 se·
1730 303 1740 317 ἢ

229 342 309 382 cuti
340 342 478 381 Astius
496 341 552 392 1)‚
596 341 847 394 Socherus2)
879 342 946 381 alii
978 342 1124 382 similia
1154 342 1419 394 protulerunt.
1480 344 1565 384 Nec
1593 357 1675 383 non

225 412 478 450 Steinhartus
493 411 530 461 3)
563 412 721 461 copiose
753 412 836 461 egit
866 413 913 450 de
936 412 1202 462 Clitophonte,
1235 412 1304 464 qui
1326 413 1374 450 ad
1396 425 1482 451 eam
1503 413 1676 463 denique

226 480 413 530 pervenit
443 480 693 528 sententiam,
725 484 771 519 ut
801 480 992 531 scriptum
1025 493 1111 520 esse
1142 470 1290 520 statuat
1318 480 1464 520 librum
1494 480 1676 520 Platonis

228 553 357 588 aetate
398 550 447 586 ab
489 549 652 586 homine
693 562 774 587 non
816 549 873 588 ita
902 550 1198 599 philosophiam
1236 549 1364 599 ipsam
1403 549 1707 601 requirentem⁴

228 630 347 670 quam
369 619 592 667 praecepta,
625 617 770 670 quibus
791 618 898 657 vitae
919 632 1014 656 usus
1036 618 1315 657 conformetur.
1376 617 1496 656 Cuius
1518 616 1676 667 singula
1734 666 1736 669 .

226 687 453 736 expendere
483 690 730 734 argumenta,
760 690 900 736 utpote
932 691 1025 725 nata
1056 690 1345 736 praeoccupato
1377 687 1423 724 de
1454 689 1539 737 toto
1570 685 1682 723 libro'
1704 672 1720 676 a

225 755 391 808 eiusque
430 754 634 793 nonnullis
674 754 772 793 locis
811 755 958 794 iudicio
999 756 1256 806 supersedere
1287 768 1515 806 possumus,
1562 766 1676 804 prae-

226 825 362 862 sertim
396 837 484 862 cum
515 824 566 861 iis
598 836 700 875 quae
731 837 825 861 mox
857 824 1050 873 prolaturi
1083 837 1228 870 sumus,
1261 824 1357 861 satis
1385 823 1631 861 refellantur.

342 892 475 930 Hodie
516 904 617 943 quae
659 897 801 940 regnat
839 891 1039 930 sententia
1074 895 1292 941 praeeunte
1323 892 1555 930 Hermanno
1572 890 1612 941 ⁴)
1652 902 1676 929 a

224 960 469 1000 Susemihlio
484 960 522 1011 ⁵)
547 960 703 1009 prolata
724 963 764 997 et
783 959 1028 1008 argumentis
1051 959 1280 998 confirmata
1301 964 1380 998 est:
1409 959 1677 1009 conscriptum

225 1042 310 1068 esse
340 1029 639 1080 Clitophontem
678 1031 835 1067 mortuo
876 1028 953 1066 iam
994 1028 1140 1066 dudum
1170 1027 1340 1067 Platone
1377 1028 1421 1066 in
1449 1028 1544 1067 ludo
1584 1029 1675 1067 rhe-

223 1100 361 1146 torico,
393 1099 531 1137 eodem
563 1098 647 1135 fere
678 1098 806 1144 modo,
840 1111 918 1149 quo
950 1097 1124 1135 Socratis
1156 1110 1257 1149 quae
1288 1097 1389 1136 falso
1410 1097 1675 1147 Xenophonti
1731 1121 1733 1123 -
1767 1105 1789 1112 '⁴

224 1167 418 1207 tribuitur
458 1165 644 1217 apologia
686 1165 860 1205 conflata
903 1168 973 1205 est.
1047 1167 1109 1205 Ad
1154 1179 1270 1219 quam
1313 1166 1542 1218 opinionem
1582 1166 1673 1207 ideo

221 1237 409 1286 pervenit
447 1235 732 1281 Susemihlius,
778 1236 873 1286 quia
912 1235 1110 1289 respicere
1151 1236 1367 1273 nonnullos
1405 1235 1675 1284 Clitophontis

220 1305 327 1344 locos
359 1307 399 1343 et
430 1303 610 1343 Platonis
644 1304 834 1356 quosdam
876 1306 917 1342 et
948 1303 1016 1356 qui
1047 1303 1148 1342 falso
1181 1303 1361 1343 Platonis
1401 1305 1473 1343 sub
1512 1292 1675 1344 nomine

218 1376 403 1413 feruntur
440 1374 564 1411 libros
604 1373 833 1410 arbitratur.
894 1373 1085 1410 Nostrum
1118 1373 1195 1411 erit
1226 1374 1329 1410 hanc
1362 1373 1674 1422 argumentatio-

219 1456 310 1482 nem
349 1443 479 1481 denuo
520 1441 761 1480 examinare.
823 1441 1061 1480 Levioribus
1101 1455 1197 1480 vero
1239 1441 1395 1481 omissis
1434 1442 1483 1480 ad
1522 1442 1673 1492 gravis-

220 1513 319 1552 sima
358 1512 493 1551 statim
534 1525 608 1550 nos
650 1514 941 1550 convertamus.
1003 1510 1114 1552 Quae
1152 1511 1194 1549 in
1227 1511 1483 1561 Clitophonte
1515 1511 1614 1562 (409
1632 1511 1673 1562 d)

221 1583 268 1620 de
289 1582 434 1620 amoris
456 1585 496 1619 et
516 1580 713 1619 amicitiae
736 1580 910 1619 utilitate
933 1580 1196 1630 disputentur,
1229 1581 1326 1619 dicit
1345 1580 1672 1633 Susemihlius⁶)‚

219 1651 291 1690 vix
320 1650 492 1699 intelligi
524 1662 651 1699 posse,
684 1649 759 1686 nisi
793 1649 979 1698 Lysidem
1012 1649 1191 1687 Platonis
1222 1649 1366 1698 respici
1397 1652 1560 1688 statuas.
1603 1650 1672 1688 Vi-

219 1721 379 1758 deamus
411 1718 508 1770 quid
538 1718 596 1755 rei
621 1717 683 1756 sit.
744 1717 930 1767 Glitopho
954 1717 1176 1756 Socraticos
1198 1718 1386 1767 deinceps
1406 1717 1671 1767 interrogans,

220 1789 314 1842 quid
356 1788 409 1827 sit
449 1801 548 1837 opus
588 1786 784 1833 iustitiae,
830 1786 935 1824 idem
978 1787 1150 1843 denique
1192 1786 1350 1839 quaerit
1392 1800 1444 1824 ex
1483 1799 1550 1835 eo,
1600 1787 1671 1839 qui

218 1850 480 1915 ‘xouwcimm'
521 1855 632 1907 loqui
673 1855 896 1894 videbatur.
957 1854 1142 1893 Iustitiae
1184 1867 1291 1903 esse,
1332 1854 1401 1893 ille
1441 1856 1670 1906 respondet,

219 1926 433 1966 amicitiam
464 1925 507 1963 in
537 1925 768 1964 civitatibus
799 1935 1020 1974 procreare,
1052 1923 1268 1962 amicitiam
1292 1937 1388 1963 vero
1419 1936 1576 1974 semper
1599 1925 1670 1963 bo*

219 2009 313 2033 num
345 2007 432 2033 esse
463 2007 668 2045 nunquam
699 1993 867 2030 malum:
898 1988 968 2037 ταὶς
994 1988 1035 2029 δὲ
1059 1993 1136 2029 τῶν
1160 1991 1316 2030 παίδων
1340 1992 1471 2040 φιλίας
1501 1989 1565 2030 καὶ
1599 1987 1670 2037 τᾶς

218 2065 297 2102 τῶν
328 2061 507 2113 θηρίων,
541 2057 589 2106 ἃς
620 2055 732 2111 ἡμεῖς
763 2060 877 2099 τοῦτο
909 2055 1085 2110 τοῦνομα
1117 2057 1432 2111 ἐπονομάζομεν,
1465 2056 1543 2100 οὐκ
1574 2056 1670 2099 ἀπε·
1710 2104 1712 2106 ,

218 2130 348 2182 δέχετο
389 2125 490 2169 εἶναι
529 2130 663 2179 φιλίας
702 2124 1069 2179 ἐπανερωτώμενος.
1131 2126 1339 2179 συνέβαινε
1378 2125 1451 2182 γαρ
1483 2125 1591 2184 αὐτῷ
1621 2124 1670 2167 τοὶ
1704 2167 1706 2169 μ

219 2200 337 2240 πλείω
376 2195 447 2246 τοὶς
478 2195 663 2245 τοιαύτας
704 2193 901 2250 βλαβεράς
930 2193 958 2246 ἢ
989 2193 1149 2250 ἆγαθᾶς
1180 2192 1290 2237 εἶναι.
1352 2194 1513 2251 φεύγων
1544 2193 1668 2248 δήγτό

217 2271 403 2309 τοιοῦτον
435 2265 531 2307 οὐδὲ
562 2267 697 2317 φιλίας
727 2266 808 2318 ἔφη
839 2262 909 2313 τοὶς
939 2262 1125 2313 τοιαύτας
1157 2261 1279 2315 εἶναι,
1312 2266 1476 2316 ψευδῶς
1506 2264 1548 2306 δὲ
1578 2262 1669 2306 ὄνο-
1725 2265 1729 2267 ’

218 2336 350 2389 μάζειν
388 2332 530 2383 αὖτᾶςι
553 2332 645 2383 τούς
686 2332 816 2382 οὕτως
854 2331 1144 2386 ὀνομάζοντας·
1191 2332 1263 2386 τήν
1294 2333 1336 2375 δὲ
1367 2331 1492 2382 ὅντως
1532 2335 1669 2386 φιλίαν

311 2474 344 2516 1)
369 2474 491 2505 Plato’s
516 2474 631 2505 Leben
655 2474 723 2504 und
749 2472 915 2505 Schriften
940 2483 971 2513 p.
992 2474 1069 2505 500.

310 2531 344 2574 2)
368 2523 459 2563 iiber
483 2533 619 2563 matous
645 2531 810 2562 Schriften
835 2541 867 2571 p.
888 2532 1081 2563 154—159.

310 2589 343 2633 3)
369 2590 493 2620 PIato's
517 2590 643 2620 Werke
667 2589 736 2619 VII
764 2592 794 2627 1,
819 2599 851 2627 p.
872 2590 1021 2620 47—62.

307 2648 344 2691 4)
370 2647 491 2679 Gesch.
515 2657 547 2677 u.
574 2647 704 2688 System
729 2648 787 2678 der
810 2648 935 2687 platon.
962 2647 1049 2679 Phil.
1073 2657 1106 2687 p.
1124 2649 1202 2679 426.

308 2703 342 2748 5)
367 2696 598 2745 fibersetzung
621 2715 689 2737 von
713 2705 826 2737 Platos
850 2705 999 2736 Werken
1025 2705 1056 2735 V
1081 2706 1274 2738 507—529.

308 2761 342 2807 6)
367 2764 429 2795 1.1.
454 2773 486 2804 p.
507 2764 583 2796 513.
