1908 3221
238 350 345 405 certe
384 362 604 416 posteriore
646 363 825 416 tempore
867 369 908 405 et
946 379 1042 405 mox
1085 365 1136 405 sit
1175 364 1460 416 praestiturus:
1505 363 1536 404 si
1560 356 1685 403 ‘enim

119 422 126 432 ⁴
186 434 210 488 ³²2?
228 432 305 483 hie
331 433 418 484 ipse
447 435 639 486 nequeat,
680 434 729 472 de
759 434 867 473 omni
896 448 992 475 vera
1026 434 1282 485 philosophia
1311 447 1353 473 se
1384 446 1470 473 esse
1501 434 1685 484 despera-

218 566 229 568 *
352 571 438 609 Iam
469 571 516 609 de
547 571 635 609 aliis
666 584 824 624 quoque
855 572 1066 611 Socraticis
1106 585 1322 623 eorumque
1362 572 1521 622 scriptis
1551 571 1687 610 videa-

238 651 338 696 mus.
398 639 452 678 Et
487 634 749 688 κομψότατον
789 640 947 692 quidem
987 640 1099 678 illum
1140 641 1263 678 409d
1304 640 1434 690 ipsum
1476 640 1687 678 Platonem

185 703 324 762 ..fisse
355 707 739 746 Schleiermacherus
780 709 1004 759 suspicatus
1045 711 1105 746 est
1123 708 1180 758 ¹),
1226 709 1295 746 sed
1325 709 1400 746 hoe
1429 708 1686 746 falsissimum

191 772 206 800 ἶ
240 780 326 817 esse
364 775 444 815 iam
481 775 575 816 inde
616 777 768 826 elucet,
813 778 908 831 quia
938 791 1039 831 quae
1071 781 1292 831 sequuntur
1327 777 1461 828 potius
1492 778 1541 815 ad
1573 777 1687 815 illum

189 852 200 876 ’ἶ
238 845 441 897 pertinere
483 846 598 884 modo
641 847 1009 886 demonstravimus.
1072 846 1183 888 Quae
1225 849 1366 885 extant
1406 846 1571 895 insuper
1611 846 1686 883 hoc

221 914 324 969 ¹loco
355 914 501 965 placita
529 927 780 968 nequaquam
813 919 906 954 sunt
929 915 1119 964 Platonis,
1150 920 1195 954 ut
1226 916 1374 966 optime
1405 914 1688 953 animadvertit

211 995 218 1000 “
236 971 498 1022 Susemihlius
511 982 561 1033 2).
621 983 697 1021 Sed
718 995 768 1021 ne
789 983 932 1032 longus
955 984 1041 1031 sim,
1073 983 1353 1021 Antisthenem
1377 981 1683 1031 intelligendum

239 1063 325 1089 esse
355 1049 453 1088 mihi
483 1051 658 1100 persuasi
697 1051 771 1089 hae
808 1052 1001 1090 adductus
1042 1050 1369 1090 ratiocinatione:
1409 1049 1588 1100 Scriptus
1628 1052 1689 1089 est

240 1118 449 1169 Clitopho‚
491 1121 597 1172 quod
637 1120 743 1158 infra
780 1120 1009 1170 apparebit,
1052 1133 1156 1158 anno
1187 1120 1271 1158 fere
1306 1123 1399 1158 390.
1461 1118 1549 1160 Quo
1592 1132 1687 1158 sane

210 1190 419 1238 -tempore
462 1188 632 1227 Athenis
672 1188 761 1241 quis
801 1193 959 1239 praeter
998 1188 1205 1228 Platonem
1247 1184 1504 1237 κομψότατος
1546 1188 1678 1227 vocari

237 1257 424 1307 potuerit,
455 1257 639 1308 equidem
669 1270 749 1294 non
774 1257 881 1296 novi.
941 1257 1148 1306 Significat
1178 1257 1284 1295 enim
1315 1257 1413 1294 illud
1443 1257 1684 1295 vocabulum

240 1328 376 1363 nostro
405 1324 492 1363 loco
524 1324 629 1363 idem
660 1325 766 1377 quod
796 1320 1048 1373 σοφιστικός,
1091 1325 1352 1364 Antisthenes
1382 1338 1476 1365 vero
1508 1338 1595 1363 cum
1627 1338 1687 1363 ar-

237 1396 317 1434 tem
346 1393 585 1432 rhetoricam
614 1394 770 1431 tradere
801 1394 1004 1444 professus
1035 1394 1182 1443 eratss),
1214 1398 1298 1432 tum
1322 1394 1578 1432 suavissimae
1601 1396 1686 1432 erat

208 1501 211 1502 γ
239 1461 492 1515 eloquentiae
508 1461 560 1514 4).
622 1461 732 1504 Quae
770 1465 903 1501 autem
935 1463 982 1500 de
1014 1462 1193 1501 doctrina
1235 1461 1321 1500 eius
1353 1463 1615 1513 comperimus
1644 1462 1688 1500 in

240 1532 507 1583 Clitophonte,
538 1535 619 1571 tam
649 1532 794 1571 similia
824 1536 917 1572 sunt
945 1533 1102 1583 placitis
1134 1533 1323 1579 Platonis,
1355 1536 1401 1571 ut
1430 1533 1572 1570 mirum
1605 1545 1686 1569 non

241 1597 294 1639 sit
324 1605 459 1639 nostra
494 1600 617 1639 fuisse
656 1605 805 1649 aetate,
848 1601 916 1653 qui
947 1602 996 1639 ad
1027 1601 1235 1639 Platonem
1266 1603 1386 1649 caput
1415 1604 1595 1639 nostrum
1626 1612 1687 1637 re-

238 1669 403 1708 ferrent.
464 1668 652 1708 Traditur
680 1673 812 1708 autem
843 1682 866 1707 a
885 1669 1089 1708 veteribus
1114 1669 1336 1718 exscriptos
1361 1682 1384 1707 a
1404 1669 1572 1707 Platone
1603 1680 1688 1706 esse

241 1737 494 1778 Antisthenis
536 1736 728 1790 libros5)‚
772 1738 877 1791 quod
918 1751 1156 1791 quamquam
1187 1738 1267 1777 vile
1298 1743 1563 1777 commentum
1603 1750 1689 1777 esse

240 1819 357 1846 nemo
379 1821 460 1846 non
481 1807 602 1855 videt,
634 1811 766 1847 tamen
788 1807 874 1846 veri
905 1820 1071 1856 granum
1101 1808 1223 1845 inerit
1252 1807 1329 1845 iam
1352 1807 1457 1854 olim,
1490 1808 1559 1858 qui
1580 1807 1688 1856 lege-

239 1875 338 1915 bant
377 1875 525 1927 scripta
565 1875 794 1929 utriusque,
840 1876 1091 1927 obstupuisse
1132 1875 1392 1915 similitudine
1433 1889 1534 1928 quae
1565 1876 1607 1913 in
1638 1875 1688 1914 iis

194 1945 197 1946 ⁷
240 1944 570 1996 conspiciebatur.
631 1946 750 1984 Cuius
792 1959 892 1998 quae
932 1959 1037 1984 nunc
1078 1946 1197 1984 etiam
1237 1945 1405 1995 reperiri
1436 1946 1591 1995 possint
1620 1957 1688 1984 ve-

189 2049 194 2053 ,
239 2014 370 2064 effigia,
402 2027 482 2052 non
510 2014 691 2064 ineptum
723 2014 810 2062 erit,
842 2013 1095 2064 perscrutari.

355 2083 415 2120 De
446 2083 599 2121 duobus
629 2083 788 2133 Lysidis
818 2086 938 2134 atque
971 2081 1190 2121 Alcibiadis
1222 2082 1321 2120 locis
1351 2082 1429 2119 iam
1461 2094 1581 2131 supra
1611 2082 1688 2119 dis-

185 2202 187 2204 *
240 2153 422 2201 putatum
453 2154 527 2190 est.
586 2151 718 2189 Unum
744 2163 839 2190 vero
869 2154 1010 2201 utpote
1040 2150 1317 2199 gravissimum
1339 2149 1455 2190 valde
1477 2149 1599 2188 miror
1620 2162 1691 2188 cur

241 2232 389 2269 omnes,
420 2224 618 2274 quotquot
648 2221 696 2258 de
717 2219 973 2270 Clitophonte
1004 2220 1259 2270 scripserunt,
1293 2220 1396 2258 sicco
1428 2220 1529 2269 pede
1559 2224 1689 2258 trans-

202 2323 217 2330 ..
239 2288 372 2337 ierint,
404 2301 522 2342 quem
552 2289 650 2328 mihi
680 2289 758 2340 ipsi
790 2289 885 2328 satis
918 2289 986 2327 diu
1017 2289 1305 2329 dubitationem
1335 2288 1520 2328 iniecisse
1548 2289 1688 2336 fateor,

193 2353 195 2355 ’
240 2361 374 2398 utrum
414 2359 625 2397 cohaereat
662 2359 952 2411 quodammodo
985 2372 1073 2397 cum
1104 2358 1362 2408 Clitophonte
1393 2370 1530 2396 necne.
1590 2357 1689 2395 Dico

189 2435 192 2437 '
238 2426 422 2475 Platonis
453 2427 500 2465 de
530 2440 612 2478 rep.
634 2428 657 2466 I
681 2440 719 2477 p.
743 2430 820 2465 351
838 2440 960 2480 csqq.
1020 2426 1255 2466 Exscribam
1285 2426 1415 2465 locum
1447 2425 1603 2464 omissis
1633 2424 1688 2462 le-

190 2534 196 2541 .
239 2495 438 2536 vioribus:
470 2494 601 2542 δοκεῖς
631 2491 680 2534 ἃῖν
709 2490 736 2546 ἢ
756 2491 872 2535 πόλιν
903 2491 1217 2547 ἢστρατόπεδον
1248 2490 1275 2545 ἢ
1296 2489 1443 2550 λῃστὰς
1473 2489 1500 2544 ἢ
1521 2492 1689 2538 κλέπτας

335 2619 369 2663 1)
392 2621 433 2653 ef.
457 2607 622 2653 Susemihl
645 2622 749 2662 praef.
773 2622 807 2652 in
833 2621 908 2653 elit.
934 2630 967 2661 p.
985 2621 1061 2653 507.

335 2677 369 2723 2)
394 2680 458 2711 1.1.
485 2689 516 2719 p.
538 2681 603 2711 513
629 2683 662 2710 et
687 2681 767 2711 514.

289 2771 293 2773 ,
334 2736 371 2779 3)
394 2737 506 2767 Laert.
531 2736 630 2775 Diog.
656 2737 703 2767 vl
730 2739 758 2774 l,
786 2738 816 2766 2.

334 2793 370 2837 4)
394 2794 506 2826 Laert.
531 2793 630 2834 Diog.
656 2793 705 2824 VI
730 2796 760 2833 1,
787 2795 849 2834 143
874 2793 1011 2824 Diodor.
1037 2793 1099 2823 XV
1128 2795 1180 2826 76.

338 2853 373 2898 5)
399 2852 634 2894 Theopompus
657 2850 709 2899 [fr.
729 2852 807 2897 279]
835 2852 922 2895 apud
945 2852 1065 2884 Athen.
1092 2851 1140 2884 XI
1166 2853 1231 2885 508
1245 2861 1271 2883 c.
