1908 3221
846 209 1101 254 ...5-

175 316 208 329 ”
233 316 624 373 Jet'reprehenderit
653 317 765 356 illum
796 319 837 357 et
863 317 1087 358 laudaverit
1119 330 1296 371 quoque,
1338 316 1416 368 ipsi
1448 329 1489 356 se
1520 316 1695 368 explica-

245 386 394 441 turum.
454 385 618 435 Semper
656 400 699 425 se
737 400 889 425 summa
927 400 1016 426 cum
1054 386 1315 426 admiratione
1345 386 1546 425 Socratem
1588 385 1695 425 cives

177 448 449 505 audivisse
479 454 752 494 adhortantem
784 455 847 494 his
877 456 960 494 fere
992 455 1147 495 verbis:
1192 454 1279 497 Quo
1321 455 1458 504 ruitis,
1499 455 1694 503 homines,

234 517 319 575 {qui
352 522 523 570 divitiis,
565 537 663 575 quas
693 524 787 562 filiis
817 525 1002 572 tradatis,
1041 524 1320 564 coacervandis
1351 524 1538 571 studetis,
1569 524 1695 562 virtu-

247 592 329 631 tem
368 590 623 641 neglegentes
662 605 740 644 qua
778 592 932 631 ratione
975 593 1148 640 discant,
1190 593 1385 644 siquidem
1423 593 1519 631 disci
1550 596 1694 642 potest,

236 659 312 709 ‚sin
351 663 483 698 autem
523 661 700 699 exerceri
740 662 882 709 debet,
926 661 1257 713 quemadmodum
1302 664 1515 699 exerceant
1549 664 1589 698 et
1628 673 1695 712 qu.

247 738 359 783 sequ.
418 729 530 768 Haec
560 732 601 768 et
630 729 708 768 alia
745 742 846 783 quae
885 729 1067 769 Socrates
1107 730 1237 769 dicere
1274 730 1420 769 soleret
1458 744 1498 768 se
1539 743 1695 779 semper

245 798 482 845 admiratum
523 811 607 836 esse
638 802 679 836 et
708 799 1012 845 admiraturum,
1060 799 1129 836 sed
1160 811 1315 847 semper
1346 810 1504 849 quoque
1536 810 1578 835 se
1609 797 1692 834 ani-

245 878 352 904 mum
384 866 616 915 attendisse,
662 879 730 905 cur
761 879 861 920 quae
892 866 1005 920 sequi
1037 866 1244 915 deberent,
1290 866 1520 916 negligeret.
1582 864 1692 906 Quae

184 925 192 961 Ῐ
217 972 219 974 .
246 937 293 974 ut
329 936 566 985 comperiret
605 936 819 986 discipulos
856 936 965 974 illius
1002 936 1174 986 primum
1214 949 1255 974 se
1296 936 1462 983 adiisse,
1507 934 1602 986 quid
1642 933 1694 971 sit

190 1047 211 1060 „
247 1002 498 1055 cogitandum
521 1005 568 1043 de
590 1005 762 1044 Socratis
782 1005 852 1043 illa
874 1005 921 1043 ad
942 1005 1132 1045 virtutem
1163 1004 1460 1044 adhortatione:
1492 997 1547 1049 ὥς
1577 997 1692 1047 ὄντος

198 1118 201 1119 ⁷
246 1067 374 1122 μόνου
412 1068 578 1120 τούτου,
624 1072 846 1120 ἐπεξελθεῖν
877 1071 919 1111 δὲ
951 1068 1026 1112 οὐκ
1057 1071 1114 1111 ἔτι
1145 1074 1199 1126 τῷ
1228 1069 1428 1125 πράγματι
1459 1070 1525 1110 καὶ
1555 1070 1690 1120 λαβεῖν

238 1135 343 1179 ,αὐτὸ
384 1139 541 1189 τελέως,
586 1137 664 1180 ἀλλ’
694 1138 790 1192 ἡμῖν
819 1138 928 1195 παροὶ
958 1138 1087 1180 πάντα
1119 1137 1169 1191 δὴ
1199 1137 1270 1181 τόν
1300 1141 1390 1192 βίον
1428 1140 1545 1193 ἔργον
1583 1135 1690 1178 τοῦτ’

245 1208 352 1249 ἔσται
382 1206 476 1255 τούς
505 1207 624 1260 μήπω
656 1209 1026 1262 προτετραμμένους
1056 1208 1291 1261 προτρέπειν
1331 1208 1400 1248 καὶ
1431 1208 1606 1254 ἐκείνους
1637 1201 1689 1246 αὖ

244 1275 421 1331 ἐτέρουςς
453 1274 479 1329 ἢ
509 1278 571 1317 δεῖ
597 1276 666 1318 τὸν
690 1275 887 1331 Σωκράτη
919 1277 987 1318 καὶ
1019 1274 1212 1329 ἀλλήλους
1242 1273 1347 1329 ἡμᾶς
1377 1274 1420 1316 τό
1455 1273 1549 1328 μετά
1580 1272 1687 1316 τοῦτ’

243 1344 508 1399 ἐπανερωτᾶν,
539 1342 861 1400 ὁμολογήσαντας
890 1343 993 1386 τοῦτ’
1026 1343 1122 1386 αὐτὸ
1156 1343 1367 1401 ἀνθρώπῳ
1400 1345 1600 1399 πρακτέον
1634 1341 1686 1385 εἷ-

243 1430 322 1464 ναι,
354 1416 391 1455 τί
420 1412 679 1466 τούντεῦθεν,-
712 1421 843 1471 atque,
876 1418 931 1457 sic
961 1417 1109 1468 pergit,
1142 1418 1173 1456 si
1207 1417 1295 1470 quis
1325 1420 1371 1456 ut
1401 1431 1543 1468 corpus
1574 1430 1688 1455 exer-

243 1498 421 1526 ceremus
452 1501 524 1526 nos
554 1487 790 1538 impelleret,
822 1490 862 1526 et
892 1500 944 1526 ex
973 1487 1042 1526 illo
1074 1500 1270 1539 quaenam
1302 1487 1354 1526 sit
1384 1499 1447 1525 ars
1478 1499 1686 1539 quaerere-

244 1568 348 1603 mus,
381 1569 482 1608 quae
513 1557 706 1606 optimum
737 1557 877 1595 reddat
907 1569 1070 1606 corpus,
1113 1556 1399 1607 gymnasticam
1428 1556 1689 1605 responderet

245 1625 287 1662 et
315 1625 570 1664 medicinam:
610 1623 678 1663 καὶ
709 1626 781 1662 νῦν
812 1620 861 1673 δὴ
892 1624 976 1662 τίνα
1017 1620 1147 1673 φαμὲν
1187 1618 1287 1662 εἶναι
1325 1619 1397 1673 τὴν
1435 1621 1499 1662 ἐπὶ
1538 1625 1587 1677 τῇ
1616 1624 1688 1673 τῆς

240 1682 379 1744 ’ψυχῆς
417 1687 535 1747 ἀρετῇ
575 1690 735 1744 τέχνην,·
795 1693 1063 1744 Respondisse
1103 1705 1124 1731 e
1161 1692 1366 1743 discipulis
1405 1706 1528 1731 unum
1569 1687 1605 1749 ‘d'
1635 1687 1686 1743 δὴ

244 1760 379 1800 δοκῶν
409 1758 544 1800 αὐτῶν
576 1760 912 1814 ἔρρωμενὲστατος
943 1756 1075 1809 εἶναι’,
1119 1776 1203 1800 esse
1238 1763 1340 1800 hanc
1370 1766 1497 1800 artem
1528 1763 1576 1799 de
1608 1775 1686 1813 qua

244 1830 360 1870 modo
401 1830 569 1869 dixisset
596 1830 683 1881 ipse
714 1830 895 1870 Socrates
925 1830 1130 1869 iustitiam.
1192 1829 1308 1872 Quod
1337 1842 1571 1880 responsum
1603 1844 1683 1869 non

243 1881 392 1938 sufficit
429 1900 636 1951 quaerenti
677 1903 833 1947 nostro,
876 1899 1083 1949 ingenioso
1114 1899 1284 1946 homini,
1327 1898 1396 1950 qui
1428 1911 1509 1936 non
1539 1911 1685 1937 nomen

233 1966 380 2008 'audire
419 1968 593 2019 flagitet,
637 1969 704 2008 sed
742 1981 837 2007 rem.
897 1968 1036 2019 Pergit
1072 1967 1197 2019 igitur
1232 1969 1376 2007 409b:
1417 1962 1572 2020 ἰατρική
1604 1962 1686 2006 πού

181 2065 183 2067 μ
210 2045 213 2047 “
242 2051 300 2084 τις
338 2035 486 2090 λέγεται
525 2036 657 2088 τέχνη“
700 2034 845 2088 ταύτης
877 2033 911 2076 δ’
943 2036 1022 2077 ε’στὶ
1054 2034 1163 2076 διττοὶ
1204 2033 1251 2076 τοὶ
1282 2032 1598 2088 ἀποτελούμενοι,
1640 2033 1683 2076 τό

243 2104 315 2159 μὲν
355 2103 518 2160 ἰατρούς
556 2104 618 2146 ἀεὶ
649 2103 751 2160 πρὸς
788 2109 871 2154 τοῖς
901 2098 1015 2146 οὖσιν
1044 2104 1200 2160 ἑτέρους
1230 2102 1525 2159 ἐξεργάζεσθαι,
1566 2101 1610 2144 τὸ
1643 2103 1685 2144 δὲ

240 2170 411 2230 ὑγίειαν·
454 2174 522 2215 καὶ
552 2178 781 2227 τεκτονικῆς
811 2174 854 2216 δὲ
884 2172 985 2216 κατα
1016 2172 1142 2214 ταύτά
1174 2174 1282 2215 οἰκία
1312 2190 1352 2214 τε
1382 2174 1448 2214 καὶ
1479 2171 1683 2226 τεκτονική

232 2240 285 2298 τό
316 2242 387 2295 μὲν
417 2243 552 2297 ἔργον,
595 2241 638 2283 td
666 2243 707 2284 δὲ
733 2244 916 2298 δίδαγμα.
976 2246 1047 2294 τῆς
1067 2242 1109 2283 δὲ
1131 2242 1388 2295 δικαιοσύνης
1419 2239 1608 2290 ὦσαύτως
1640 2240 1683 2283 τό

217 2310 312 2365 »μὲν
345 2313 527 2360 δικαίους
568 2311 667 2353 ἔστω
708 2316 859 2363 ποιεῖν,
904 2308 1091 2365 καθάπερ
1134 2312 1216 2353 ε’κεῖ
1253 2309 1347 2359 τούς
1386 2313 1558 2364 τεχνίτας
1593 2309 1681 2352 ἑκά-

187 2424 189 2426 ,
240 2392 381 2429 στους·
423 2379 467 2421 τό
500 2378 534 2421 δ’
566 2380 710 2435 ἕτερον,
743 2379 767 2421 ὃ
799 2378 966 2421 δύναται
1006 2385 1135 2422 ποιεῖν
1172 2377 1269 2434 ἡμῖν
1307 2380 1423 2435 ἔργον
1460 2377 1484 2421 ὅ
1514 2381 1682 2432 δίκαιος,

239 2451 278 2492 τί
301 2448 435 2492 ,τοῦτο’
475 2451 627 2504 (pausat,
670 2451 765 2493 εἶπέ.
825 2454 905 2493 Hic
938 2453 1097 2506 quidem
1133 2448 1177 2492 τό
1213 2450 1419 2505 συμφέρον
1460 2467 1559 2504 opus
1597 2467 1683 2493 esse

175 2566 180 2571 ⁴
209 2512 416 2572 <justitiae
452 2524 690 2574 respondet,
731 2523 832 2562 alius
867 2517 910 2561 τὸ
950 2521 1062 2571 δέον,
1103 2522 1204 2561 alius
1238 2517 1281 2561 τό
1318 2518 1536 2573 ὠφέλιμον,
1582 2522 1683 2562 alius

189 2613 192 2616 ⁴
237 2585 283 2630 τὸ
311 2592 547 2631 λυσιτελοῦν.
609 2592 720 2634 Quae
752 2593 884 2631 omnia
913 2604 1166 2644 nequaquam
1197 2591 1402 2630 sufficiunt
1422 2591 1682 2641 Clitophonti‚

212 2672 328 2714 cum
365 2660 409 2698 in
439 2660 582 2699 ceteris
621 2673 780 2713 quoque
819 2660 971 2699 artibus
1007 2660 1105 2699 insit
1143 2663 1252 2698 recte
1289 2660 1355 2699 vel
1391 2660 1683 2698 accommodate

231 2719 389 2771 facere:
420 2722 514 2767 ἄλλά
536 2724 638 2780 πρὸς
660 2724 684 2767 ὅ
704 2743 740 2768 τι
762 2729 884 2767 ταῦτα
905 2723 1034 2767 πάντα
1055 2727 1180 2776 τείνει,
1214 2726 1297 2779 ἐρεῖ
1323 2723 1365 2766 td
1399 2726 1502 2767 ἴδιον
1533 2724 1680 2778 ἑκάστη

236 2793 372 2852 τέχνψ
400 2794 575 2850 λεγέσθω
596 2793 647 2848 δὴ
669 2794 736 2835 καὶ
757 2792 800 2836 τό
823 2798 893 2848 τῆς
916 2792 1174 2847 δικαιοσύνης
1198 2791 1397 2843 ὦσαύτως.
1445 2797 1682 2848 Respondet
