1908 3221
815 195 1098 239 -29-

221 295 405 354 ’ἐχόντων
432 294 690 350 δικαιοσύνην
711 294 905 351 πρότερον
936 297 1062 339 ἐκεῖνο
1096 293 1412 352 ἔπιχειρήσαῐμεν
1432 292 1680 345 θεάσασθαι,

176 414 190 429 *.
237 369 341 427 ῥᾷον,
365 366 415 409 ἂν
446 367 488 408 ἐν
518 366 577 408 ἒνὶ
607 365 815 423 ἀνθρώπῳ
836 369 1009 408 κατιδεῖν
1030 363 1117 408 οἶόν
1139 367 1231 419 ἐστι,
1265 367 1334 408 καὶ
1364 366 1471 415 ἔδοξε
1503 363 1553 416 δὴ
1584 362 1681 416 ἡμῖν

188 433 203 451 ³
233 434 354 479 τοῦτο
387 432 484 476 εἶναι
524 433 637 483 πόλις
678 437 744 474 καὶ
775 432 900 482 οὕτως
933 432 1120 490 ᾠκίζομεν
1152 432 1206 482 οἷς
1239 432 1469 487 ἐδυνάμεθα
1500 433 1680 487 ἀρίστην,

238 500 283 547 εὖ
314 500 549 552 εἰδότεςὸτι
579 504 621 545 ἔν
651 520 692 557 γε
722 507 770 560 τῇ
801 502 940 559 ἀγαθῇ
971 501 1019 543 ἂν
1044 504 1116 555 εἴη.
1169 506 1279 548 Quae
1312 507 1348 545 si
1377 521 1459 546 non
1490 506 1586 544 satis
1618 519 1681 544 ac-

229 562 375 616 curate
406 574 659 627 expenderis,
690 573 882 613 facillime
911 573 956 612 in
977 587 1064 613 eam
1086 574 1325 614 sententiam
1354 574 1532 614 incidere
1554 577 1680 626 potes,

210 670 212 673 -
236 645 319 683 iam
347 645 416 683 hic
444 644 624 682 indicare
645 645 854 682 Platonem
885 643 1098 693 pessimam
1118 646 1270 682 urbem.
1319 644 1434 686 Quod
1465 658 1576 682 secus
1608 647 1679 681 est.

222 704 282 752 *Si
306 713 414 752 enim
434 711 534 750 dicit
555 725 596 751 se
617 712 726 750 haud
755 711 941 760 ignorare
970 710 1014 748 in
1036 711 1188 762 optima
1217 714 1374 750 tantum
1403 711 1535 750 inesse
1565 711 1680 750 iusti-

238 782 356 830 tiam,
397 783 446 820 de
476 781 649 832 pessima
681 782 886 819 condenda
915 780 1080 819 minime
1113 780 1282 829 cogitat,
1320 794 1449 833 neque
1478 781 1551 818 illa
1582 795 1680 832 opus

240 838 320 898 effist,
364 862 453 888 cum
493 850 543 887 ad
581 848 825 887 iniustitiam
855 848 1134 899 reperiendam
1164 850 1283 899 plane
1315 849 1488 887 sufficiat
1518 849 1681 900 optima.

190 904 194 909 .
240 918 445 970 Optimam
484 932 581 959 vero
614 919 738 957 solam
767 917 948 957 iustitiae
978 917 1241 969 reperiendae
1270 917 1456 958 idoneam
1487 932 1593 967 esse,
1634 920 1682 957 ab

240 986 383 1026 ultimo
414 987 546 1036 initio,
577 990 623 1026 ut
651 987 731 1026 iam
762 987 942 1038 exposui,
975 989 1142 1025 constat.

352 1056 593 1096 Posterioris
632 1055 759 1106 igitur
800 1055 941 1095 aetatis
984 1069 1068 1095 esse
1108 1056 1241 1094 locum
1271 1070 1309 1107 p.
1333 1056 1450 1095 4201}
1475 1069 1560 1108 sqq.
1592 1069 1680 1096 meo

237 1127 370 1165 Marte
410 1126 646 1164 concludere
683 1125 784 1163 mihi
822 1125 975 1165 videor.
1035 1126 1096 1163 Ac
1133 1124 1227 1164 vide
1270 1129 1517 1177 quantopere
1557 1126 1681 1164 totius

237 1194 318 1233 loci
346 1194 502 1234 indoles
533 1194 752 1246 suspicioni
781 1208 892 1233 meae
922 1195 1077 1234 faveat:
1124 1194 1169 1231 Τι’
1200 1186 1285 1241 οὖν,
1318 1194 1375 1233 sie
1403 1194 1549 1245 incipit
1577 1195 1683 1234 liber

240 1266 424 1316 quartus,
467 1254 498 1301 αἶ
529 1260 764 1314 Σώκρατες,
806 1259 1063 1314 οἶπολογήσει,
1106 1258 1175 1301 ἐάν
1215 1263 1272 1308 τίς
1313 1274 1354 1300 σε
1390 1264 1448 1317 φῇ
1488 1259 1542 1312 μή
1574 1260 1681 1301 πάνυ

239 1329 478 1381 εὐδαίμονας
500 1335 628 1371 ποιεῖν
651 1328 816 1378 τούτους
838 1327 932 1378 τούς
953 1327 1102 1383 ἄνδρας
1124 1328 1233 1383 (τούς
1250 1327 1449 1383 φύλακας)
1471 1330 1537 1370 καὶ
1559 1334 1682 1371 ταῦτα

240 1395 290 1439 δι’
320 1397 498 1449 ἑαυτούς,
531 1392 587 1439 οἷν
615 1400 695 1440 ἐστι
725 1398 794 1451 μὲν
816 1396 973 1450 ἡπόλις
1005 1402 1052 1455 τῇ
1083 1396 1265 1454 ἀληθείᾳ,
1298 1400 1338 1439 οἱ
1366 1398 1407 1438 δὲ
1437 1399 1561 1451 μηδὲν
1583 1398 1682 1440 ἀπο-

239 1464 429 1507 λαύουσιν
451 1465 613 1521 ἀγαθοῦ
645 1471 714 1519 τῆς
736 1466 887 1515 πόλεως
918 1464 1005 1508 οἷον
1027 1465 1136 1507 ἄλλοι
1167 1467 1242 1507 mg.
1290 1469 1442 1512 Quidni
1473 1483 1682 1509 censuram

239 1538 288 1577 de
327 1538 432 1578 libro
463 1539 610 1577 factam
640 1553 726 1577 esse
763 1542 1002 1587 statuamus,
1041 1539 1330 1591 Platonemque
1360 1540 1437 1577 hoc
1474 1540 1561 1578 loco
1594 1554 1681 1578 eam

237 1606 451 1645 refellere?
509 1608 629 1646 Hune
659 1621 756 1647 vero
796 1609 928 1646 locum
969 1608 1001 1645 si
1042 1608 1277 1658 posterioris
1318 1608 1461 1646 aetatis
1494 1622 1579 1646 esse
1610 1622 1680 1658 po-

238 1673 384 1723 nimus,
413 1675 521 1715 idem
553 1676 659 1716 cadit
688 1676 912 1716 necessario
943 1676 986 1715 in
1018 1690 1084 1715 eos
1116 1690 1212 1729 quos
1244 1679 1398 1728 spectat
1427 1676 1551 1716 libros
1574 1677 1681 1716 VIII

241 1746 282 1782 et
311 1743 388 1784 IX.

357 1812 509 1855 Quodsi
550 1817 658 1853 reete
699 1814 922 1866 disputavi,
966 1816 1067 1853 duae
1107 1828 1171 1853 res
1213 1814 1308 1853 inde
1352 1818 1596 1868 sequuntur:
1641 1819 1682 1854 et

239 1880 365 1921 libros
384 1884 572 1923 II--VII
601 1898 673 1935 per
705 1898 746 1923 se
778 1887 883 1923 stare
904 1898 1020 1935 posse
1041 1888 1159 1936 atque
1181 1884 1339 1923 stetisse
1361 1887 1402 1923 et
1430 1885 1556 1924 libros
1577 1886 1682 1924 VIII

241 1952 284 1987 et
311 1950 376 1988 IX
418 1953 634 1991 abhorrere
665 1966 689 1990 a
718 1952 880 2004 proprio
920 1952 1069 2001 dialogi
1110 1952 1290 1991 consilio.
1349 1955 1486 2005 Atque
1528 1967 1600 2005 per
1641 1967 1681 1992 se

242 2021 347 2057 stare
376 2019 501 2060 libros
521 2021 710 2060 II—VII
748 2021 866 2060 facile
904 2022 1162 2069 concedetur,
1205 2021 1239 2060 si
1270 2022 1528 2073 quantumvis
1559 2023 1682 2061 Clito-

241 2087 434 2138 phontem
454 2088 658 2139 dialogum
679 2089 881 2129 scribendi
911 2103 1067 2128 eausam
1097 2089 1222 2128 fuisse
1244 2090 1513 2129 statuerimus.
1567 2090 1683 2133 Quod

240 2170 338 2196 vero
359 2157 424 2196 his
452 2157 568 2198 libris
588 2159 705 2197 Plato
725 2173 806 2198 non
826 2160 941 2198 modo
963 2158 1169 2210 praestitit
1197 2159 1390 2208 flagitata,
1423 2160 1492 2199 sed
1516 2160 1683 2212 insuper

241 2224 321 2263 alia
349 2226 560 2276 expedivit
587 2227 872 2277 pulcherrima,
903 2226 1042 2267 divino
1074 2227 1308 2278 philosophi
1337 2228 1500 2277 ingenio
1530 2229 1682 2267 factum

241 2306 327 2332 esse
357 2294 488 2343 debet,
518 2307 648 2347 neque
678 2308 751 2334 nos
783 2309 978 2348 quaenam
1007 2298 1217 2348 praeterea
1237 2309 1328 2334 eum
1349 2309 1489 2336 causae
1511 2310 1681 2336 commo-

241 2362 397 2412 verint,
438 2364 568 2403 adhuc
595 2363 844 2414 investigare
876 2379 1097 2417 possumus.
1158 2366 1293 2404 Unum
1321 2366 1425 2404 illud
1455 2370 1612 2405 constat
1641 2372 1682 2405 et

242 2430 495 2485 Clitophonti
525 2432 755 2473 satisfacere
785 2434 833 2473 de
865 2433 1009 2487 quibus
1041 2434 1193 2485 agimus
1223 2434 1350 2475 libros
1380 2438 1421 2474 et
1451 2435 1580 2476 cuivis
1611 2435 1682 2475 alii

240 2501 385 2541 lectori
415 2503 651 2542 suffecturos
689 2516 774 2542 esse
806 2506 925 2557 atque
962 2504 1107 2552 fuisse,
1149 2504 1183 2542 si
1212 2504 1362 2556 reliqui
1390 2509 1680 2545 resecarentur.

241 2569 357 2621 Idem
378 2583 535 2624 quoque
550 2570 694 2609 ultima
710 2571 872 2622 septimi
891 2572 988 2612 libri
1009 2574 1134 2612 verba
1152 2575 1355 2611 testantur
1372 2575 1449 2611 541
1462 2575 1508 2613 b:
1531 2569 1682 2611 οὐκοῦν

242 2633 343 2688 ἅδην
362 2633 453 2689 ἤδη,
485 2634 597 2678 εἷπον
620 2636 709 2691 ἐγώ,
741 2639 896 2690 ἔχουσιν
918 2636 1013 2690 ἡμῖν
1035 2640 1077 2678 οἷ
1104 2637 1211 2692 λόγοι
1242 2641 1332 2693 περί
1361 2655 1400 2680 τε
1429 2644 1499 2692 τῆς
1529 2637 1681 2688 πόλεως

242 2703 389 2759 ταύτης
417 2707 486 2747 καὶ
515 2709 587 2747 τοῦ
617 2702 759 2758 ὁμοίου
779 2706 902 2764 ταύτῃ
924 2705 1072 2763 ἀνδρός
1081 2723 1093 2756 ,·
1124 2708 1242 2760 δῆλος
1264 2706 1337 2763 γάρ
1359 2724 1438 2749 που
1458 2708 1526 2749 καὶ
1547 2702 1679 2761 οὗτος,
