1908 3226
794 238 1079 283 -24-

212 343 280 382 der
318 343 531 396 ve‘elsacleen
572 346 729 383 mneren
759 345 819 384 W
820 345 1101 384 illkt'irleblzltez'e
1136 345 1202 385 der
1231 346 1410 398 jetzz'gen
1439 347 1663 386 Biia-hertei-

210 413 319 462 lung,
354 412 415 450 die
445 412 547 450 bloss
577 411 657 464 auf
677 414 761 450 εἰπε
794 414 1007 467 ungefiilere
1030 414 1243 453 Gleiclzlaeee’t
1271 416 1335 453 des
1365 419 1547 453 ausser-en
1575 416 1673 454 Um·-

200 478 328 533 fangs
360 479 560 519 bereelznet
583 482 633 518 ist
662 481 740 518 und
767 483 833 519 mit
863 483 933 520 den
965 482 1187 521 wir-kliclzen
1210 483 1466 522 Absclmmen
1497 497 1573 522 nur·
1597 484 1663 523 hie
1714 471 1716 474 V

215 550 293 586 und
322 549 370 586 da
410 551 793 596 zusammenstimmt‚
840 551 945 588 mehr
986 552 1045 588 als
1085 552 1431 598 wahrschee‘nlieh,
1478 552 1569 591 dass
1606 553 1664 591 sie

215 618 326 656 nicht
352 631 423 656 von
455 618 587 665 Plato,
630 620 794 657 sunder-n
825 626 907 656 ers!
937 633 1007 657 von
1038 623 1158 658 ee'nem
1187 625 1363 672 sptileren
1396 621 1665 672 Herausgeber

215 687 415 725 herrillzrt.
480 687 614 725 Allez'n
645 689 792 725 dar-aus
822 701 873 725 zu
900 687 1091 739 folgwn,
1133 690 1224 727 dass
1254 691 1314 727 die
1344 689 1538 742 nngefc'iltr
1567 692 1668 729 zwei

217 761 352 793 zuerst
379 755 738 806 heransgegebenen
770 757 921 794 Bic'eher
952 758 990 794 in
1026 757 1085 794 W
1081 758 1234 795 alerlzei!
1263 771 1338 796 nm·
1368 760 1439 796 das
1469 765 1569 796 erste
1595 744 1664 809 ge·
1707 788 1712 793 .

219 836 340 862 wesen
370 825 493 870 sez'en,
542 825 594 862 ist
621 824 739 862 selzon
770 823 945 862 desslmlb
976 825 1230 875 unstattkaft,
1277 827 1364 864 weil
1391 827 1486 865 doch
1520 827 1666 865 Gellius

207 892 420 945 jedensalls
453 893 555 930 wohl
582 892 721 930 berez'ls
751 893 811 930 die
829 893 984 943 jelzt'ge
1017 893 1178 944 Tee'lemg
1209 896 1257 932 im
1285 895 1401 945 Auge
1430 895 1549 942 hatte,
1585 908 1666 933 um-

219 961 370 999 somehr
401 961 450 999 da
481 961 561 998 sein
583 962 732 998 Zusatz
762 954 978 1017 ‘ungefdler'
1010 960 1132 1013 (fere)
1165 961 1227 1000 bez·
1254 962 1399 1001 duobus
1428 962 1539 1001 libris
1571 964 1666 1002 doch

220 1029 448 1068 schwerle'ch
479 1035 598 1066 etwas
628 1030 788 1066 anderes
819 1028 997 1067 bodemen
1029 1029 1153 1076 kann,
1188 1031 1247 1067 als
1277 1032 1367 1069 dass
1387 1032 1503 1081 jener
1535 1038 1669 1070 zuerst

221 1097 524 1151 verifffentlichle
544 1097 755 1135 Abschm'tt
784 1098 893 1136 nicht
917 1110 1046 1147 genau
1077 1100 1178 1136 zwez‘
1203 1099 1383 1138 Bia-kern
1413 1099 1511 1138 nach
1543 1101 1668 1139 dieser

222 1167 448 1216 Einteilung
486 1167 738 1217 enlsproehen
751 1195 761 1212 ,
805 1166 968 1203 sondern
1008 1168 1196 1204 entweder
1226 1174 1341 1205 etwas
1372 1169 1537 1218 menige?
1578 1168 1669 1206 oder

222 1234 315 1272 aber
343 1241 461 1272 etwas
490 1235 597 1272 mehr
627 1234 793 1286 umsasst
821 1234 940 1280 habe,
975 1233 1189 1285 jedensalls
1219 1236 1301 1273 also
1332 1236 1437 1274 nicht
1469 1235 1569 1274 bloss
1599 1237 1668 1274 das
1722 1230 1727 1232 i

222 1308 323 1340 erste
352 1295 489 1340 Buch.'

337 1372 427 1410 Non
458 1371 577 1422 plane
606 1370 859 1422 perspexisse
890 1372 1049 1411 videtur
1078 1372 1141 1411 vir
1171 1372 1421 1411 doctissimus
1446 1371 1669 1412 Hermanni

219 1440 468 1489 ingeniosam
491 1439 743 1479 sententiam.
803 1440 897 1478 Sine
930 1440 1048 1478 dubio
1081 1453 1198 1492 quam
1231 1455 1302 1479 uos
1332 1445 1514 1480 tenemus
1545 1442 1588 1479 in
1619 1442 1669 1479 li-

221 1509 315 1546 bros
346 1508 668 1549 distributionem
700 1508 851 1546 Gellius
883 1521 1043 1561 quoque
1073 1509 1214 1556 tenuit,
1248 1510 1463 1562 eademque
1486 1513 1546 1549 est
1565 1509 1670 1548 Her-

223 1578 358 1615 manni
393 1577 542 1627 opinio.
602 1576 679 1615 Sed
710 1580 755 1615 ut
777 1578 824 1614 de
845 1577 1130 1627 Xenophontis
1153 1578 1399 1628 Cyropaedia
1423 1582 1560 1617 contra
1580 1578 1669 1616 Pla-

223 1646 330 1686 tonis
359 1646 662 1696 Rempublicam
696 1647 960 1697 conscriptam
989 1646 1203 1685 falsissima
1241 1648 1372 1686 tradat
1402 1647 1571 1696 Gellius,
1613 1648 1671 1686 ita

224 1716 271 1753 de
292 1727 458 1753 numero
481 1728 641 1767 quoque
671 1715 863 1754 librorum
895 1715 1092 1754 editorum
1121 1714 1265 1754 falsum
1294 1715 1407 1754 illum
1429 1728 1513 1755 esse
1543 1719 1669 1766 putat.

224 1785 345 1822 Hunc
373 1797 470 1823 vero
501 1796 710 1822 numerum
741 1788 787 1822 ut
815 1784 893 1822 alia
923 1797 944 1821 e
964 1785 1077 1822 fonte
1099 1797 1170 1822 suo
1192 1785 1335 1833 hausit,
1367 1785 1410 1822 in
1432 1798 1511 1837 quo
1535 1797 1670 1836 quem-

224 1852 436 1890 admodum
466 1855 583 1890 natus
615 1851 667 1890 sit
697 1865 827 1899 error,
867 1865 940 1890 nos
971 1864 1065 1890 sano
1095 1852 1285 1901 indagare
1315 1866 1396 1891 non
1424 1852 1504 1890 iam
1533 1865 1671 1903 possu-

223 1934 331 1969 mus,
374 1921 442 1959 sed
473 1920 651 1960 contenti
692 1920 813 1959 simus
852 1933 898 1959 eo
931 1921 1036 1973 quod
1075 1920 1358 1971 perspicimus:
1399 1920 1522 1960 fuisse
1564 1920 1672 1959 inter

224 1993 382 2028 veteres
414 1989 483 2041 qui
514 1990 689 2028 traderet
719 1989 953 2039 particulam
985 1989 1245 2039 Reipublicae
1277 1989 1446 2029 solutam
1477 2002 1501 2028 a
1530 1988 1672 2028 ceteris

225 2059 372 2097 editam
393 2071 489 2096 esse.
551 2056 667 2098 Quod
689 2058 794 2095 enim
817 2058 907 2109 quis
936 2058 1054 2096 facile
1076 2058 1303 2105 coniecerit,
1335 2062 1454 2111 atque
1476 2070 1549 2107 ego
1572 2069 1671 2109 quo-

226 2140 302 2180 que
334 2127 580 2166 conieceram
611 2126 832 2177 longiorem
863 2127 928 2166 vel
959 2127 1190 2177 ampliorem
1234 2127 1327 2166 olim
1365 2127 1488 2166 fuisse
1525 2126 1672 2165 librum

225 2197 409 2246 primum,
441 2208 521 2247 qua
551 2195 730 2233 adhibita
759 2195 914 2232 medela
943 2209 1024 2233 non
1046 2208 1184 2244 parum
1206 2199 1402 2233 cresceret
1423 2195 1540 2233 Gellii
1562 2194 1673 2241 fides,

227 2277 333 2303 nunc
364 2276 444 2302 non
474 2262 552 2301 iam
584 2263 723 2312 credo,
764 2276 851 2302 cum
883 2263 977 2316 quid
1009 2262 1187 2303 omiserit
1216 2276 1302 2302 cum
1335 2262 1501 2317 reliquis
1530 2261 1671 2315 praefi-

226 2335 331 2383 gerit
359 2335 527 2383 primam
555 2333 665 2370 illam
697 2333 924 2380 editionem,
955 2334 1104 2371 frustra
1134 2333 1399 2384 quaesiverim
1416 2333 1465 2382 ¹).

324 2483 356 2525 1)
382 2483 599 2513 Susemihlius
625 2482 708 2512 Gen.
727 2483 835 2512 Entw.
855 2483 887 2511 11
905 2483 948 2512 85
974 2481 1115 2520 probare
1141 2485 1277 2512 conatus
1302 2485 1353 2512 est
1379 2485 1412 2511 et
1436 2480 1576 2519 Cephali
1599 2489 1674 2511 eum

226 2541 361 2573 Socrate
386 2539 641 2580 disputationem
667 2542 700 2570 et
725 2538 903 2570 Glauconis
929 2538 1161 2578 Adimantique
1193 2538 1417 2570 inductionem
1449 2537 1600 2569 inutilem
1624 2539 1673 2568 at-

226 2610 289 2639 que
323 2608 605 2638 supervacaneam
629 2598 730 2628 fuisse
756 2598 788 2627 in
814 2598 961 2627 seiuncto
986 2597 1070 2627 libro
1096 2597 1202 2636 primo
1228 2607 1334 2635 neque
1359 2597 1492 2627 omnino
1517 2598 1595 2626 tunc
1620 2604 1672 2626 or-

226 2660 418 2689 namentum
441 2659 477 2686 ut
500 2655 547 2686 ita
570 2655 677 2686 dicam
701 2656 888 2694 scenicum,
914 2664 978 2694 quo
1004 2654 1148 2685 abundet
1172 2654 1255 2686 liber
1281 2655 1422 2694 primus,
1447 2657 1515 2685 tam
1539 2654 1672 2694 copiose
1729 2669 1734 2676 ·-

227 2717 414 2747 additurum
439 2715 539 2745 fuisse
564 2714 748 2744 Platonem.
798 2713 891 2752 Quae
918 2722 1116 2752 quamquam
1149 2713 1230 2743 mihi
1253 2722 1320 2743 non
1344 2712 1528 2752 persuasit,
1562 2714 1685 2744 tamen‘
1732 2734 1734 2736 v
1758 2719 1761 2721 ’

227 2784 294 2805 non
318 2774 514 2813 ampliorem
538 2772 597 2803 sed
621 2771 809 2803 breviorem
840 2771 941 2802 fuisse
972 2770 1095 2801 librum
1126 2771 1269 2810 primum
1301 2774 1513 2810 sequeretur,
1548 2779 1614 2809 que
1636 2778 1673 2801 re

227 2831 334 2871 magis
358 2831 457 2862 etiem
481 2830 719 2869 infringeretur
744 2828 843 2860 Gellii
866 2828 957 2859 fides.
