1908 3221
790 234 1074 278 -37-

267 345 269 347 ’
327 339 509 391 Scriptus
551 342 612 378 est
649 339 755 379 liber
793 339 946 390 primus
987 342 1080 379 ante
1122 353 1270 378 annum
1306 342 1408 386 390,
1450 352 1528 391 quo
1568 337 1653 376 fere

190 394 395 460 *tempore
433 408 734 459 Clitophontem
775 408 927 447 editum
967 422 1053 447 esse
1095 408 1319 447 statuimus.
1385 407 1520 445 Secuti
1560 409 1655 445 sunt

188 479 196 530 j
211 468 309 520 libri
330 468 552 525 H—VII,
591 490 689 530 quos
721 476 909 530 quoniam
939 490 1019 515 non
1051 477 1136 516 sine
1167 476 1437 528 Olitophontis
1467 477 1653 527 respectu

177 561 181 566 ‘
213 547 375 600 scripsit
413 547 549 594 Plato,
591 560 672 585 non
712 545 832 584 nimis
873 545 943 584 diu
981 549 1072 597 post
1111 560 1260 584 annum
1298 546 1415 584 illum
1454 544 1652 597 prodiisse

176 607 191 634 Ψ
213 601 540 666 ἦθτίε1111110081.
598 614 641 653 Si
669 613 797 664 igitur
827 628 930 653 anno
964 618 1044 653 389
1077 614 1163 654 sive
1196 618 1274 653 388
1307 616 1474 653 alteram
1503 613 1654 663 dialogi

184 672 369 739 „spartam
409 685 558 724 editam
599 698 685 723 esse
724 683 1022 732 contendimus,
1063 698 1086 722 a
1115 698 1211 723 vero
1248 685 1357 723 haud
1394 684 1453 722 ita
1482 684 1654 722 multum

206 754 499 800 aberrabimus.
552 752 772 792 Difficilius
804 755 865 791 est
894 753 943 791 de
974 752 1222 804 reliquorum
1251 752 1447 791 librorum
1475 751 1654 790 iudicare

177 819 190 870 ζ,
209 827 405 874 tempore.
464 824 521 860 At
549 821 593 859 id
622 834 740 859 nemo
770 821 936 869 negabit
964 824 1056 872 post
1084 820 1260 871 primum
1291 820 1372 859 iter
1400 819 1580 858 Platonis
1610 820 1654 857 in

184 891 406 938 *Sicaniam*-
429 891 580 929 factum
618 890 744 929 libros
776 890 882 929 VIII
922 893 963 928 et
998 890 1064 927 IX
1105 890 1274 941 scriptos
1316 903 1401 928 esse
1442 890 1587 928 debere
1604 888 1652 938 ¹).

176 955 413 1014 J‘Equidem
444 972 538 997 sane
569 957 810 997 coniecerim
839 958 988 997 iterum
1019 958 1101 996 iam
1131 958 1338 1009 Syracusis
1365 957 1490 996 fuisse
1520 958 1655 995 Plato-

217 1032 220 1035 ”
240 1043 316 1077 0111,
349 1041 438 1067 011111
457 1029 531 1067 1108
553 1028 825 1067 conscriberet
852 1027 991 1076 libros,
1022 1042 1115 1066 nam
1144 1026 1410 1068 inveniuntur
1439 1027 1483 1065 in
1504 1026 1555 1065 iis
1576 1027 1653 1065 duo

229 1097 309 1146 oci,
351 1097 422 1149 qui
461 1096 755 1136 dubitationem
795 1098 844 1136 de
881 1097 1089 1148 republica
1126 1098 1176 1135 ad
1207 1097 1392 1135 effectum
1423 1097 1656 1135 adducenda

178 1156 196 1194 s
215 1165 421 1205 continere
451 1165 654 1213 videntur,
686 1179 787 1218 quae
816 1179 898 1204 non
928 1165 1008 1204 nisi
1040 1180 1108 1217 spe
1140 1180 1162 1204 a
1191 1165 1388 1217 Dionysio
1418 1165 1573 1203 minore
1605 1166 1654 1203 ad

209 1234 372 1274 irritum
401 1235 563 1273 redacta
592 1237 687 1272 nata
718 1248 803 1273 esse
834 1237 968 1285 potest
983 1234 1033 1284 2).
1080 1235 1221 1286 Neque
1248 1237 1365 1272 antea
1394 1234 1571 1272 insertus
1593 1237 1654 1272 est

208 1303 315 1342 liber
345 1303 522 1355 quintus,
555 1317 673 1356 quem
704 1303 903 1342 artissime
935 1317 1024 1342 cum
1053 1304 1208 1342 ultimis
1231 1305 1444 1342 cohaerere
1466 1304 1563 1342 satis
1585 1317 1653 1342 ex-

210 1372 430 1423 posuimus
477 1372 594 1414 Quod
624 1373 674 1410 ad
694 1372 892 1411 decimum
912 1373 1086 1425 denique
1107 1374 1286 1424 pertinet
1313 1374 1475 1421 librum,
1506 1373 1654 1411 diiudi-

211 1455 300 1481 care
330 1455 411 1480 non
440 1440 587 1489 ausim,
617 1444 754 1480 utrum
783 1455 864 1480 una
894 1455 983 1480 cum
1013 1442 1345 1494 praecedentibus
1375 1443 1529 1482 duobus
1560 1455 1653 1480 con-

210 1511 384 1562 scriptus
424 1510 496 1557 sit,
538 1525 588 1548 an
619 1514 759 1561 postea
797 1512 958 1549 demum
997 1511 1224 1561 appositus,
1268 1514 1443 1550 attamen
1474 1511 1653 1549 eiusdem

209 1592 295 1618 esse
324 1578 518 1630 temporis
548 1581 631 1618 tres
661 1578 825 1618 ultimos
859 1579 984 1619 libros
1014 1579 1141 1629 magis
1171 1579 1273 1618 mihi
1303 1580 1481 1619 arridere
1510 1580 1652 1619 fateor.

323 1650 458 1699 Atque
498 1648 542 1685 in
571 1648 808 1688 universum
838 1649 888 1687 de
925 1648 977 1686 iis
1009 1662 1110 1700 quae
1151 1649 1327 1699 exposui,
1350 1649 1562 1687 dicendum
1593 1652 1655 1686 est

171 1729 460 1773 «nequaquam
491 1730 538 1755 ea
567 1717 752 1756 sufficere
783 1717 832 1755 ad
857 1716 1133 1769 quaestionem
1165 1718 1213 1756 de
1245 1717 1422 1756 editione
1442 1716 1653 1768 Reipubli-

209 1799 277 1825 cae
307 1785 592 1833 dirimendam,
636 1787 743 1837 quod
773 1800 844 1834 ego
875 1786 1041 1824 minime
1082 1786 1333 1836 praestitisse
1363 1786 1466 1825 mihi
1496 1786 1650 1826 videor.

207 1848 364 1893 Pendet
393 1853 500 1892 enim
529 1854 630 1892 haec
660 1853 840 1906 quaestio
872 1867 924 1892 ex
952 1854 1120 1905 reliquis
1149 1854 1331 1892 Platonis
1361 1854 1531 1904 dialogis
1563 1869 1652 1894 cum

210 1921 379 1972 singulis
419 1922 589 1962 Politias
630 1922 812 1974 partibus
854 1922 1142 1974 comparandis.
1205 1923 1305 1962 Tum
1346 1925 1505 1963 demum
1547 1925 1653 1976 quod

148 2047 150 2049 q
208 1991 331 2031 finem
351 2005 437 2031 esse
458 1994 555 2043 puto
576 1991 702 2031 totius
723 1992 772 2031 de
793 1993 961 2031 Platone
982 1991 1289 2045 disquisitionis,
1314 1993 1482 2042 cogitari
1502 1994 1654 2045 poterit

209 2060 258 2101 de
299 2062 573 2111 cognoscenda
611 2061 696 2101 eius
736 2061 919 2101 doctrina
959 2061 1156 2111 gradatim
1197 2062 1423 2115 sensimque
1461 2066 1577 2102 aucta
1613 2067 1653 2102 01

113 2173 123 2187 <
137 2132 158 2157 Ἴ
210 2130 381 2168 exculta.
426 2132 535 2168 Ante
563 2130 696 2169 omnia
724 2130 851 2180 igitur
879 2130 1167 2182 inquirendum
1188 2131 1268 2170 erit
1296 2132 1340 2169 in
1362 2132 1540 2181 singulos
1561 2132 1652 2184 phi-

205 2197 414 2249 losophiae
443 2199 625 2237 Platonis
656 2200 801 2248 gradus
833 2202 951 2251 atque
982 2213 1208 2250 processus,
1241 2204 1437 2252 quatenus
1467 2201 1652 2250 indagari

178 2254 181 2257 Δ
207 2265 365 2317 possint
394 2280 415 2305 e
445 2266 627 2319 partibus
657 2267 920 2319 Reipublicae
956 2267 1128 2307 diversis
1166 2269 1415 2320 temporibus
1447 2270 1650 2318 confectis,

195 2336 289 2387 'qua
317 2336 551 2388 quaestione
582 2337 709 2376 causis
741 2351 793 2376 ex
821 2337 949 2388 ipsius
980 2337 1264 2389 philosophiae
1284 2339 1558 2390 penetralibus
1589 2353 1650 2377 re-

185 2406 192 2441 2
207 2398 348 2455 petitis
379 2405 655 2444 confirmatum
684 2405 737 2444 iri
769 2419 904 2457 spero,
936 2406 1043 2458 quod
1072 2419 1179 2445 nunc
1210 2420 1261 2445 ex
1289 2406 1527 2459 imperfecta
1554 2407 1650 2447 libri

179 2488 180 2491 ¹
209 2470 442 2522 collegimus
471 2474 611 2513 forma.

204 2619 209 2623 N
302 2574 336 2616 1)
357 2576 398 2606 cf.
424 2577 464 2606 de
488 2586 556 2615 rep.
583 2586 614 2614 p.
633 2578 731 2607 5772
755 2580 787 2606 et
811 2577 985 2608 Susemihl.
1011 2587 1083 2616 gen.
1108 2579 1214 2608 Entw.
1240 2589 1271 2618 p.
1291 2581 1367 2611 237.

178 2663 179 2666 ,
252 2639 255 2642 “
299 2631 334 2674 2)
358 2633 399 2665 (10
421 2644 490 2674 rep.
516 2644 548 2674 p.
566 2635 632 2666 473
644 2644 671 2672 c,
698 2635 763 2666 592
775 2645 804 2665 a.
846 2635 955 2674 Negat
973 2635 1121 2667 Zellerus
1147 2636 1279 2668 differre
1303 2637 1364 2669 hos
1388 2638 1478 2670 locos
1505 2638 1546 2669 ab
1572 2637 1647 2670 aliis

181 2686 328 2731 §fluibus
351 2692 468 2724 eadem
491 2692 532 2725 de
555 2701 591 2724 re
615 2692 733 2733 agitur,
759 2691 846 2725 Phil.
873 2693 904 2723 d.
931 2692 988 2726 Gr.
1006 2694 1063 2723 ΙΙῑι
1089 2696 1106 2726 7
1113 2695 1153 2725 76
1165 2694 1197 2725 b.
