1908 3226
169 290 209 328 p.
234 278 315 315 334
334 289 442 329 sqq„
487 288 588 330 quae
629 274 870 327 disputatio,
910 274 1008 328 quin
1038 276 1132 326 post
1162 274 1349 326 Gorgiam
1379 275 1528 328 scripta
1554 272 1620 329 sit,

168 345 344 386 dubitari
372 358 456 385 non
484 347 619 396 potest
635 345 685 397 1).
745 345 848 385 Vide
876 348 1010 384 utrum
1040 343 1171 384 locum
1201 344 1245 383 in
1269 344 1529 396 Clitophonte
1556 335 1621 384 rea

170 414 268 465 spici
308 414 383 454 tibi
414 415 676 464 praeplaceat.
737 413 778 451 Si
810 426 912 466 quae
952 416 1069 452 antea
1106 414 1242 451 monui
1282 414 1474 458 memoria
1507 418 1656 469 tetress-

169 483 373 533 pertinere
402 483 567 522 alteram
591 482 859 534 Clitophontis
890 486 1044 533 partem
1075 482 1123 521 ad
1154 481 1354 535 colloquia
1383 470 1621 534 libris-pross>

170 551 355 601 vulgata,
398 540 509 590 adice
540 553 646 604 quod
677 552 855 601 singulas
885 552 983 590 adeo
1015 551 1176 589 illorum
1207 550 1400 589 stationes
1435 550 1623 604 persequi
1665 561 1671 563 ”

171 620 277 658 licet.
339 619 417 661 Qui
450 620 558 658 enim
587 620 768 670 tangitur
797 619 824 659 l.
845 620 870 657 l.
903 619 1100 669 dialogus,
1139 619 1309 669 primum
1340 618 1524 657 hostibus
1553 628 1668 658 noi

173 688 254 726 ceri
286 688 431 727 debere
462 692 676 737 statuerat,
717 693 857 738 postea
886 689 1038 726 nemini
1068 689 1128 726 fas
1159 701 1243 726 esse
1275 688 1483 735 evincens,
1522 699 1625 739 quae

173 756 317 794 mirum
334 761 528 809 quantum
545 757 742 811 quadrant
761 756 804 795 in
825 757 995 808 primum
1015 756 1273 807 Reipublicae
1294 756 1453 796 librum.
1498 756 1636 796 Porro>

176 826 208 864 si
240 825 373 876 placet
411 826 633 865 recorderis
671 839 786 878 quam
830 830 947 865 antea
977 825 1245 875 Clitophontis
1282 825 1491 864 statuimus
1521 836 1626 864 sum·
1725 870 1727 872 ,

176 906 301 933 mam:
334 892 441 935 Quid
471 895 524 934 sit
554 907 654 945 opus
683 894 871 942 iustitiae,
904 893 1000 946 quid
1023 897 1187 944 spectet,
1221 907 1299 947 quo
1322 894 1460 933 tendat
1479 893 1649 941 frustra,
1688 886 1735 946 ,ΪῘῘ

176 976 217 1002 se
250 962 408 1014 saepius
436 962 714 1012 interrogasse.
776 962 906 1003 Quid?
967 963 1071 1000 Num
1104 975 1124 1000 e
1156 962 1312 1011 Gorgia,
1330 976 1366 1000 >e
1398 962 1571 1010 Critone,
1604 974 1626 1001 e
1660 979 1663 980 ⁷
1710 949 1739 1014 ij,

176 1030 305 1080 primo
346 1030 607 1080 Reipublicae
645 1030 748 1068 libro
788 1033 833 1067 tu
872 1030 990 1068 discis
1029 1030 1146 1082 quale
1186 1030 1238 1068 sit
1278 1031 1383 1082 quod
1422 1030 1628 1082 quaeritur

179 1097 303 1149 opus?
364 1099 467 1138 Ecce
505 1099 654 1137 frustra
691 1102 991 1148 exspectantem
1033 1105 1073 1137 et
1102 1103 1378 1151 quaerentem,
1422 1104 1516 1137 sane
1546 1112 1628 1138 non
1678 1148 1680 1151 v

178 1180 230 1205 ex
251 1166 338 1217 ipso
360 1167 533 1215 Socrate,
566 1167 634 1205 sed
659 1179 680 1204 e
701 1167 882 1206 Platone.
944 1167 1096 1210 Quodsi
1127 1168 1246 1206 etiam
1278 1180 1384 1207 nunc
1409 1167 1626 1207 concedere

180 1235 354 1274 haesitas
386 1236 557 1286 spectari
587 1235 754 1274 Politias
780 1236 961 1274 Platonis
993 1236 1137 1274 librum
1170 1236 1353 1286 primum,
1384 1249 1507 1274 unum
1537 1248 1629 1286 pro-

178 1304 314 1351 feram,
347 1317 426 1356 quo
457 1304 593 1342 audito
626 1316 763 1341 omnes
788 1304 1058 1342 dubitationes
1089 1308 1329 1343 evanescant
1359 1316 1519 1343 necesse
1548 1292 1651 1343 esti

179 1372 340 1410 eaedem
373 1385 474 1425 quae
504 1372 609 1423 apud
640 1372 849 1411 Platonem
892 1373 997 1422 apud
1037 1376 1216 1411 nostrum
1255 1373 1499 1413 inducuntur
1540 1385 1630 1424 per-

181 1453 323 1479 sonae:
354 1440 556 1488 Socrates,
588 1440 794 1490 Clitopho,
827 1440 981 1491 Lysias,
1013 1441 1080 1493 qui
1113 1444 1217 1480 tecte
1248 1440 1496 1490 significatur
1525 1441 1629 1492 apud

180 1509 411 1557 Platonem,
452 1509 682 1548 nominatur
711 1509 754 1547 in
787 1506 1063 1560 Clitophonte,
1095 1510 1412 1562 Thrasymachus
1443 1510 1630 1563 denique,

181 1579 251 1630 qui
292 1579 477 1617 vilissimi
518 1578 887 1629 despectissimique
931 1578 1135 1628 sophistae
1177 1579 1282 1627 apud
1322 1578 1531 1617 Platonem
1572 1580 1634 1617 est

180 1645 324 1695 imago,
355 1647 459 1697 apud
491 1649 671 1685 nostrum
702 1645 950 1696 desperantis
981 1646 1155 1685 hominis
1186 1647 1234 1685 ad
1266 1650 1488 1686 extremum
1519 1646 1632 1685 auxi-

181 1714 280 1753 lium
311 1701 590 1753 descendentis
620 1715 831 1764 refugium.

298 1783 421 1824 Vides
461 1784 587 1835 igitur
627 1783 828 1824 Socratem
868 1778 1022 1841 ‘ipsum'
1063 1779 1220 1836 (αὐτόν)
1263 1788 1384 1823 410a
1422 1798 1503 1824 non
1543 1797 1634 1823 eum

182 1853 397 1904 appellari,
439 1853 509 1905 qui
539 1866 582 1891 re
613 1865 711 1892 vera
739 1853 864 1901 vixit,
909 1853 977 1892 sed
1011 1852 1168 1906 qualem
1200 1852 1320 1893 finxit
1350 1854 1391 1892 in
1423 1851 1634 1906 colloquiis

184 1923 342 1973 scriptis
362 1922 497 1962 Plato:
528 1922 780 1962 Platonicum
810 1923 967 1961 demum
998 1924 1106 1963 hunc
1135 1936 1275 1962 verum
1305 1937 1391 1962 esse
1424 1926 1464 1962 et
1493 1922 1654 1973 genui-v

185 2005 281 2030 num
311 1992 535 2037 Socratem3
576 1992 652 2030 hoc
683 1995 763 2039 est,
802 2004 902 2041 opus
933 2004 956 2029 a
985 1991 1146 2030 Socrate
1185 1991 1414 2030 incohatum
1455 1991 1523 2030 sed
1552 2003 1635 2029 non
1663 2012 1668 2014 -

185 2060 407 2110 perfectum
440 2073 463 2097 a
482 2059 651 2099 Platone
683 2060 839 2098 demum
871 2063 911 2099 et
941 2073 964 2098 a
994 2060 1077 2099 solo
1098 2052 1267 2099 Platone
1297 2060 1465 2099 ulterius
1494 2071 1634 2110 reapse

187 2141 274 2167 esse
295 2131 544 2177 provectum,
575 2131 750 2167 attamen
781 2129 830 2166 ab
856 2129 932 2166 hoc
953 2141 1112 2181 quoque
1142 2132 1227 2167 tum
1258 2129 1434 2167 nondum
1464 2128 1512 2166 ad
1542 2127 1636 2167 ulti·

185 2210 292 2236 mum
323 2195 443 2235 finem
475 2209 561 2237 esse
590 2197 825 2249 perductum
863 2200 971 2237 recte
1008 2196 1212 2238 intellexit
1241 2196 1510 2248 Clitophontis
1539 2195 1636 2237 scri·
1671 2185 1674 2188 ”
1713 2214 1727 2254 ξ

185 2269 297 2317 ptor:
327 2267 509 2306 Platonis
537 2262 668 2305 libros
692 2267 758 2306 vel
789 2267 836 2305 de
866 2266 1021 2306 iustitia
1040 2266 1173 2317 potius
1195 2266 1407 2316 dialogum,
1438 2266 1507 2319 qui
1527 2278 1649 2315 nunc,
1691 2259 1733 2309 ³2}

184 2336 354 2376 Politias
393 2339 454 2376 est
483 2335 587 2376 liber
616 2335 786 2387 primus,
830 2338 875 2375 ut
906 2335 1057 2375 adierat
1086 2339 1289 2389 tamquam
1318 2335 1472 2374 fontem
1501 2334 1634 2386 limpi-

187 2405 412 2453 dissimum,
452 2405 510 2444 ita
541 2405 710 2443 eundem
741 2405 950 2443 Platonem
980 2404 1166 2454 precibus
1196 2404 1280 2443 adit
1307 2404 1350 2441 in
1380 2403 1456 2442 hoc
1485 2402 1636 2452 libello,

186 2476 251 2523 ut,
297 2474 329 2514 si
363 2480 501 2527 queat,
546 2486 648 2527 quae
677 2486 729 2512 ne
757 2474 844 2524 ipse
876 2473 1036 2525 quidem
1076 2473 1172 2513 satis
1212 2473 1341 2513 adhuc
1379 2461 1636 2523 praestiterit,
1658 2469 1660 2471 ’
1681 2463 1697 2516 ζ

282 2587 314 2628 1)
351 2588 391 2619 ef.
427 2597 511 2627 quae
546 2587 762 2619 Susemihlius
795 2586 1007 2626 sagacissime
1042 2587 1176 2626 exponit
1208 2589 1316 2626 genet.
1343 2586 1452 2617 Entw.
1475 2586 1533 2617 11²
1558 2587 1673 2632 1οὲξῦ

186 2645 371 2677 Lubentius
394 2646 429 2677 in
453 2645 524 2677 dies
547 2645 582 2676 in
607 2644 855 2676 Wilamowitzii
887 2647 996 2675 castra
1028 2647 1180 2682 transeo,
1217 2645 1273 2683 qui
1298 2643 1458 2683 Gorgiam
1488 2653 1556 2693 nou
1579 2638 1667 2687 diu3

185 2708 262 2743 post
284 2706 425 2734 mortem
449 2702 595 2734 Socratis
628 2702 752 2734 editum
785 2711 858 2733 esse
891 2702 1081 2743 nuperrime
1112 2701 1256 2742 probare
1287 2704 1424 2734 conatus
1449 2703 1501 2736 est
1522 2701 1548 2732 l.
1566 2701 1589 2732 1.
1617 2701 1635 2734 Ι
1650 2695 1669 2747 ’ἦ

185 2770 219 2802 p.
238 2761 314 2792 218.
