1908 3226
242 297 368 334 stent:
398 293 524 342 unde,
557 306 724 347 quaeso,
757 294 944 346 colligere
973 296 1068 336 licet
1096 296 1271 338 Socratis
1301 298 1418 339 istam
1451 297 1657 349 sententia

241 364 345 414 apud
377 363 585 402 Platonem
617 365 883 415 quaerendam
915 377 1012 412 esse,
1045 379 1133 404 cum
1166 370 1305 417 aperte
1336 368 1510 408 Socratis
1538 350 1696 421 tantufix

242 444 327 471 eam
367 432 490 469 fuisse
530 431 717 482 Clitopho
760 446 833 471 nos
875 433 1038 473 doceat?
1098 435 1224 474 Immo
1267 436 1435 485 gratiam
1475 438 1693 500 habeamus

240 501 436 551 scriptori,
469 501 538 553 qui
567 501 727 540 tandem
759 502 806 540 de
837 502 1012 552 ancipite
1040 502 1109 542 illo
1141 503 1302 543 Socrate
1333 505 1535 555 historico,
1567 508 1627 546 ut
1632 506 1693 547 ita

242 570 391 617 dicam,
435 569 617 609 certioris
647 569 801 622 aliquid
832 570 949 609 nobis
980 571 1210 620 tradiderit,
1258 585 1359 624 quae
1388 573 1560 623 vestigia
1587 574 1695 616 infra

242 639 464 679 accuratius
494 652 629 677 sumus
659 638 954 688 investigaturi.

356 708 419 746 Ex
449 707 512 746 his
537 707 663 757 igitur
691 707 936 757 argumentis
963 708 1010 747 de
1032 709 1268 749 auctoritate
1290 709 1559 761 Olitophontis
1590 708 1703 760 nihil

241 777 424 817 concludi
455 789 572 827 posse
603 780 780 826 apparet.
842 775 930 817 Qua
952 777 999 814 de
1020 790 1063 815 re
1089 778 1183 829 quid
1212 778 1297 827 ipse
1320 779 1573 828 expedivisse
1594 771 1693 818 mibi

241 845 390 893 videar,
420 848 579 894 tempus
609 844 686 882 erit
716 844 943 894 explanare.
1004 846 1139 896 Atque
1170 845 1379 884 Platonem
1409 846 1476 886 vel
1503 849 1550 886 ut
1578 859 1692 887 aceu-

239 915 366 954 ratius
395 926 478 952 rem
510 913 750 962 significem,
783 912 970 951 Politiam
992 912 1172 952 Platonis
1203 915 1373 964 spectari
1393 928 1417 953 a
1437 915 1702 967 Clitophonte

240 997 322 1023 non
362 996 511 1023 novum
550 986 611 1022 est
647 982 868 1022 inventum.
928 982 1056 1020 Immo
1086 982 1181 1022 inde
1211 983 1360 1023 factum
1392 988 1463 1033 est,
1494 988 1544 1039 ut,
1569 973 1692 1024 Thra-

239 1052 364 1105 syllus
403 1053 447 1090 in
477 1051 708 1101 tetralogias
740 1051 979 1101 dispertiens
1011 1052 1159 1102 scripta
1188 1053 1385 1101 Platonis,
1430 1042 1691 1104 Reipublicae

239 1122 535 1172 Clitophontem
566 1120 813 1170 praefigeret.
873 1120 1010 1159 Simile
1042 1120 1194 1173 aliquid
1224 1121 1428 1160 Boeckhio
1460 1124 1500 1160 et
1530 1115 1688 1161 Rittero
1749 1161 1760 1169 ¹„

239 1190 543 1236 obversabatur,
587 1202 676 1227 cum
716 1187 868 1239 alter1)
899 1201 1135 1238 responsum
1165 1188 1337 1229 Socratis
1378 1190 1421 1228 in
1452 1189 1531 1228 fine
1561 1175 1689 1243 libelli
1730 1178 1757 1243 ’ᾖ

236 1259 380 1297 addere
410 1257 584 1297 voluisse
616 1257 872 1306 scriptorem,
913 1256 1016 1295 alter
1031 1256 1069 1307 2)
1102 1257 1309 1295 exordium
1342 1257 1511 1297 Politiae
1550 1261 1691 1308 postea
1748 1272 1751 1274 ’

236 1327 395 1366 Platoni
435 1325 627 1365 reiectum
666 1325 866 1375 dialogum
907 1328 1087 1364 nostrum
1119 1339 1206 1365 esse
1238 1329 1440 1366 statueret.
1500 1326 1689 1367 Proxime
1716 1312 1719 1313 ⁷
1746 1331 1752 1335 '

235 1396 284 1434 ad
316 1408 381 1444 ea,
426 1408 527 1447 quae
566 1394 653 1444 ipse
695 1393 794 1431 mihi
824 1394 1024 1444 persuasi,
1071 1393 1385 1444 Oldenburgium
1402 1395 1438 1447 3)
1479 1396 1689 1436 accessisse
1725 1421 1746 1436 ,v

234 1466 374 1513 video,
418 1465 531 1504 euius
570 1464 762 1502 iudicium
792 1467 877 1502 tu'm
909 1464 1065 1501 demum
1107 1463 1208 1501 mihi
1238 1464 1437 1512 innotuit,
1481 1478 1570 1503 eum
1608 1465 1688 1505 iam

234 1547 335 1588 quae
364 1534 592 1584 prolaturus
622 1546 706 1573 sum
731 1532 863 1571 omnia
893 1533 992 1570 mihi
1020 1533 1266 1571 constabant.
1328 1521 1568 1586 Priusquam
1587 1546 1685 1574 vero

234 1604 282 1642 ad
313 1616 397 1641 rem
427 1602 555 1652 ipsam
588 1601 865 1651 explicandam
897 1601 1059 1648 accedo,
1105 1614 1185 1639 non
1215 1601 1397 1651 ineptum
1427 1603 1514 1640 fore
1544 1614 1685 1641 censeo

232 1672 280 1710 de
311 1670 447 1709 indole
479 1673 599 1722 atque
631 1669 797 1708 consilio
830 1668 1099 1719 Clitophontis
1129 1681 1256 1719 pauca
1286 1682 1564 1719 praemonere,
1596 1673 1685 1710 cuni
1740 1666 1745 1669 Α

233 1754 253 1779 e
285 1740 419 1781 verbis
450 1738 745 1779 accuratissime
776 1738 1090 1788 interpretandis
1122 1738 1255 1776 omnia
1284 1739 1496 1789 pendeant.

346 1807 553 1846 Dividitur
588 1810 697 1846 totus
736 1805 915 1855 dialogus
951 1806 994 1843 in
1025 1806 1120 1844 duas
1159 1809 1292 1856 partes
1330 1806 1519 1845 facillime
1559 1819 1685 1846 secer·

230 1878 402 1925 nendas,
446 1889 612 1928 quarum
655 1875 765 1925 prior
806 1874 907 1925 (cap.
935 1875 1098 1924 1—111)
1140 1875 1224 1924 agit
1254 1875 1301 1913 de
1333 1875 1515 1923 Socrate,
1536 1909 1541 1913 .
1559 1863 1695 1925 altera
1720 1900 1727 1903 ‹
1750 1877 1764 1922 ’ζ

231 1945 332 1996 (cap.
361 1944 577 1995 IV—VH)
610 1944 657 1982 de
690 1943 776 1981 eius
806 1943 875 1995 qui
908 1943 1095 1982 dicuntur
1125 1942 1342 1994 discipulis.
1404 1942 1518 1985 Quod
1547 1943 1591 1982 in
1622 1929 1703 1985 ear

229 2016 313 2066 pite
343 2014 513 2066 septimo
545 2013 762 2064 disputatio
794 2013 843 2051 ad
873 2013 1002 2063 ipsum
1034 2012 1235 2053 Socratem
1266 2013 1395 2052 redire
1426 2012 1612 2063 fingitur,
1642 2012 1685 2052 id

229 2098 311 2123 non
342 2097 394 2122 ex
423 2083 605 2123 veritatis
636 2082 705 2120 sed
737 2095 788 2120 ex
818 2082 915 2120 artis
946 2082 1059 2134 quasi
1090 2081 1286 2130 scenicae,
1330 2094 1410 2135 qua
1444 2082 1486 2120 in
1509 2081 1698 2133 ,dialogo
1735 2076 1766 2113 ἶ

230 2166 329 2204 opus
351 2156 422 2201 est,
454 2151 678 2191 rationibus
700 2150 787 2190 fieri
810 2164 905 2189 mox
925 2151 1146 2201 apparebit.
1207 2151 1481 2191 Introducitur
1502 2150 1685 2191 Socrates

229 2235 250 2260 e
283 2222 540 2272 Clitophonte
573 2233 790 2272 quaerens,
833 2220 901 2271 qui
932 2220 1080 2259 factum
1112 2220 1183 2268 sit,
1227 2223 1271 2259 ut
1299 2220 1369 2258 ille
1401 2232 1531 2258 coram
1562 2208 1691 2273 Lysia

229 2289 565 2341 reprehendisset,
598 2301 700 2341 quae
720 2289 806 2340 ipse
828 2288 975 2328 amicos
997 2289 1138 2328 docere
1160 2288 1316 2338 soleret,
1347 2279 1695 2340 Thrasymachum.

230 2371 327 2399 vero
359 2358 546 2396 laudibus
576 2358 625 2395 ad
648 2357 799 2396 caelum
831 2358 1003 2397 efferret.
1065 2358 1136 2397 Cui
1160 2358 1345 2408 Clitopho
1366 2357 1585 2415 respondet
1602 2343 1689 2401 nou.

227 2431 337 2467 recte
368 2440 410 2467 se
440 2427 589 2466 habere
630 2439 733 2480 quae
775 2426 852 2466 sibi
883 2426 1185 2478 exprobaverit,
1228 2430 1349 2481 atque
1380 2439 1459 2481 qua
1488 2427 1536 2466 de
1567 2418 1690 2470 canifi

324 2552 357 2595 1)
382 2553 487 2585 Index
510 2554 598 2585 lectt.
625 2554 738 2585 Berol.
762 2555 861 2586 1845.

322 2610 357 2653 2)
384 2610 504 2642 Gesch.
530 2612 560 2641 d.
587 2612 673 2643 Phil.
699 2613 733 2642 II
760 2613 836 2643 186.

320 2667 355 2712 3)
381 2669 435 2699 De
453 2669 557 2699 sacris
582 2669 722 2699 fratrum
738 2669 915 2700 Arvalium
938 2679 971 2709 p.
991 2670 1055 2701 53:
1080 2670 1256 2700 Platonem
1280 2669 1424 2709 primum
1448 2667 1490 2700 de
1514 2655 1620 2710 repub

224 2726 346 2758 librum
371 2725 551 2766 separatim
575 2725 719 2758 edidisse
744 2736 884 2767 censeo,
920 2735 985 2766 quo
1012 2727 1101 2758 edito
1125 2727 1320 2767 priusquam
1343 2727 1446 2760 ceteri
1469 2725 1552 2758 libri
1571 2720 1702 2786 exi—1231}

226 2786 314 2825 sunt,
339 2784 484 2825 scriptus
510 2787 560 2816 est
584 2784 740 2825 Clitopho
766 2784 916 2825 dialogus
939 2784 1265 2826 pseudoplatonieus.
1615 2794 1618 2799 ’

7 3147 874 3170 v‘w‘vjmvmqurmssvuw=·..·=·.-*v-v=-·=w.av
937 3153 940 3159 ·
957 3152 960 3154 -
