1908 3226
7 3192 28 3209 ..2
39 3192 48 3197 “’
74 3168 946 3215 ”svamm-u

802 169 1084 214 -18—
1410 238 1412 240 K

213 287 299 314 esse
338 273 460 314 illud:
505 270 667 324 βλάπτει
710 271 901 315 οὐδέποτε
942 270 965 314 ὅ
1004 274 1161 321 ’δίκαιος
1200 270 1369 324 οὐδένα,
1413 254 1446 316 si
1487 261 1662 328 exempli

211 346 338 393 gratia
376 358 398 383 e
430 345 591 383 Critone
623 345 849 394 Platonico,
893 359 1011 398 quem
1050 358 1203 401 merum
1240 346 1421 384 redolere
1459 345 1662 385 Socratem

211 412 332 463 rulgo
356 417 511 463 putant,
543 415 773 461 resecueris,
806 414 897 453 vide
924 414 1020 467 quid
1050 418 1184 466 restet.
1245 414 1357 452 Duac
1388 419 1482 453 sunt
1511 417 1685 465 causae,⁴

213 494 312 534 quas
342 482 523 521 Socrates
564 483 733 533 opponit
762 483 914 522 Critoni
956 483 1091 533 fugam
1132 495 1153 521 e
1185 495 1340 522 carcere
1379 483 1582 523 suadenti:
1624 466 1665 523 e't
1703 523 1705 525 .
1735 470 1737 472 Ι

214 551 376 587 omnino
407 551 556 589 iniuste
587 552 718 590 facere
749 553 861 590 nefas
892 564 997 599 esse,
1030 551 1299 603 neque-leges
1330 563 1416 589 esse
1446 551 1663 593 violandas.

212 619 331 657 Prius
361 618 461 657 illud
493 620 540 658 de
572 634 642 658 suo
674 620 827 659 addidit
856 621 992 668 Plato,
1035 620 1201 659 alterum
1231 619 1358 671 ipsius
1389 624 1450 658 est
1478 619 1661 668 Socratis,
1687 614 1691 616 ⁷

214 688 320 738 quod
353 688 511 737 saepius
542 692 711 727 testatur
740 689 1036 738 Xenophonl).
1097 688 1209 726 Unus
1240 701 1335 727 vero
1377 691 1510 726 exstat
1548 688 1661 736 liber,

212 756 254 792 in
286 769 364 808 quo
396 769 534 794 verum
566 756 810 806 expressisse
840 756 1041 795 Socratem
1073 757 1214 795 debet:
1258 754 1442 806 apologia
1472 768 1574 809 quae
1604 756 1662 796 di-

215 825 316 863 citur
346 825 538 872 Socratis,
578 825 620 862 in
652 837 731 876 qua
762 825 964 862 doctrinae
994 824 1102 861 illius
1133 825 1180 861 de
1211 837 1290 875 qua
1320 825 1472 873 agimus
1501 825 1663 875 proprie

213 893 446 932 Platonicae
486 908 559 933 nec
590 894 682 933 vola
710 894 817 932 inest
848 907 920 932 nec
951 893 1177 943 vestigium.
1237 894 1351 932 Inest
1380 899 1511 933 autem
1540 893 1663 943 locus,

216 963 283 1013 qui
315 968 489 1002 nostram
520 965 664 1013 probet
692 962 883 1001 iudicium
921 963 1025 1000 idem
1056 963 1178 1000 fuisse
1210 975 1231 1000 e
1262 962 1434 1000 Socratis
1465 963 1665 1002 sententia

212 1030 405 1069 iniustum
438 1044 522 1070 esse
553 1035 674 1083 atque
706 1031 861 1080 legibus
892 1031 993 1069 male
1023 1036 1229 1081 parentem
1263 1030 1380 1080 Apol.
1406 1032 1516 1069 29b:
1548 1027 1590 1069 το“
1621 1027 1663 1069 δὲ
1690 1024 1700 1074 ᾗ

213 1093 367 1136 οἷδικεῐν
404 1097 472 1136 καὶ
504 1094 687 1137 ἀπειθεῖν
717 1101 772 1152 τῷ
803 1098 973 1148 βελτίονι
1011 1097 1078 1136 καὶ
1109 1100 1193 1151 θεῷ
1225 1096 1290 1136 καὶ
1324 1094 1556 1152 ἀνθρώπῳ,
1601 1095 1663 1138 ὅτι
1714 1105 1717 1112 ‘

214 1162 340 1205 κακὸν
371 1164 435 1205 καὶ
470 1163 632 1218 αἰσχρόν
663 1165 766 1206 ἐστιν
797 1161 897 1205 οἶδα.
959 1167 1069 1209 Quae
1111 1181 1198 1207 cum
1236 1168 1293 1207 ita
1334 1168 1416 1206 sint
1444 1168 1536 1206 vide
1567 1181 1662 1206 num

213 1237 417 1275 Socratem
443 1229 639 1275 ‘virtutem
670 1249 743 1286 per
773 1250 814 1275 se
846 1237 1139 1275 commendasse
1171 1237 1327 1283 credas;
1369 1236 1553 1289 equidem
1582 1249 1664 1274 non

216 1319 378 1355 possum
410 1305 583 1343 credere.

339 1374 416 1412 Sed
456 1374 664 1412 redeamus
695 1386 717 1411 a
748 1374 868 1423 longa
907 1374 981 1412 hac
1016 1373 1259 1423 digressione
1292 1373 1341 1411 ad
1373 1386 1420 1411 ea
1452 1386 1553 1426 quae
1589 1373 1662 1411 im—
1705 1407 1710 1419 ς

215 1443 354 1494 primis
376 1446 470 1482 sunt
491 1441 748 1482 conficienda.
809 1443 1008 1494 Scriptum
1039 1455 1125 1481 esse
1146 1442 1441 1493 Clitophontem
1471 1446 1562 1492 post
1582 1442 1662 1481 edi-

215 1516 300 1550 tum
335 1511 595 1560 Reipublicae
629 1511 774 1548 librum
809 1507 980 1561 primum
1015 1512 1283 1560 probavimus.
1335 1514 1468 1563 Atque
1499 1523 1663 1561 respon-

215 1595 300 1619 sum
332 1580 381 1618 iri
412 1580 460 1618 ad
490 1579 530 1617 id
563 1580 667 1632 quod
699 1579 846 1618 iterum
876 1579 1101 1632 iterumque
1133 1579 1291 1632 quaerit
1310 1579 1497 1629 Glitopho
1529 1591 1553 1617 a
1571 1579 1663 1617 Pla-

212 1654 307 1688 tone
330 1650 371 1686 in
394 1649 533 1698 primis
559 1652 755 1698 expectat.
816 1649 917 1686 Nam
947 1650 1022 1686 hac
1054 1649 1196 1698 opinor
1227 1649 1274 1685 de
1305 1661 1423 1686 causa
1453 1652 1493 1686 et
1522 1647 1662 1686 ultimo

213 1718 300 1756 loco
341 1717 409 1756 ille
450 1717 681 1756 nominatur
722 1721 762 1756 et
800 1717 941 1756 iisdem
983 1717 1128 1770 quibus
1167 1717 1281 1756 Plato
1313 1716 1498 1767 Clitopho
1539 1716 1665 1756 utitur

214 1787 408 1837 personis.

329 1855 505 1894 Deditne
546 1868 641 1895 vero
685 1855 799 1894 Plato
843 1855 948 1908 quod
991 1858 1227 1905 expectatur
1266 1853 1527 1905 responsum?
1586 1854 1664 1895 Re-

213 1928 406 1964 tractatur
436 1937 489 1962 ex
518 1924 674 1973 integro
713 1925 830 1963 initio
863 1924 954 1963 libri
987 1924 1151 1962 secundi
1182 1924 1349 1962 Politias
1380 1922 1665 1973 Thrasymachi

213 1993 405 2044 placitum
438 2006 460 2031 a
491 1993 694 2032 Glaucone
726 1997 765 2032 et
795 1994 1010 2032 Adimanto
1042 2006 1079 2043 p.
1101 1993 1241 2031 358b:
1287 1988 1549 2044 Θρασύμαχος
1589 1987 1664 2044 γάρ

215 2076 282 2111 μοι
328 2061 511 2109 φαίνεται
559 2061 805 2115 πρῳαίτερον
851 2063 922 2099 τοῦ
964 2060 1123 2106 δέοντος
1162 2056 1241 2098 ὖπό
1283 2062 1356 2099 σοῦ
1398 2057 1530 2112 ὥσπερ
1571 2054 1666 2109 ὄφις

214 2132 463 2180 κηληθῆναι,
509 2127 597 2179 ἐμοὶ
631 2127 672 2167 δὲ
705 2125 819 2169 οὔπω
850 2125 951 2168 κατὰ
983 2132 1079 2168 νοῦν
1110 2124 1136 2179 ἦ
1168 2124 1369 2176 ἀπόδειξις
1409 2127 1543 2180 γέγονε
1572 2125 1665 2180 περὶ

215 2197 401 2250 ἑκατέρου
429 2200 498 2250 (sc.
522 2194 779 2247 δικαιοσύνης
803 2198 869 2236 καὶ
895 2196 1083 2250 ἆὸικίας).
1144 2197 1375 2247 ἐπιθυμῶ
1400 2194 1491 2249 γάρ
1515 2192 1666 2236 ἀκοῦ-

216 2280 298 2307 σαι
329 2267 371 2306 τί
403 2263 432 2305 τ’
463 2265 601 2306 ἔστιν
633 2263 881 2319 ἑκάτερον
913 2265 1134 2306 unitiva
1165 2265 1262 2318 ἔχει
1293 2262 1510 2316 δύναμιν
1541 2250 1664 2305 αὐτο
1706 2265 1708 2268 ’

214 2333 321 2393 καθ’
346 2332 468 2376 αὑτό
502 2332 618 2377 ἐνόν
648 2336 698 2376 ἐν
730 2340 784 2392 τῇ
812 2339 965 2392 ψυχῇ,
996 2333 1091 2382 τούς
1113 2334 1154 2376 δὲ
1176 2332 1353 2387 μισθούς
1375 2334 1443 2375 καὶ
1466 2331 1515 2374 τοὶ
1535 2331 1666 2388 γιγνό-

216 2420 313 2457 μενα
346 2401 413 2444 ἀπ’
444 2403 577 2445 αὐτῶν
609 2404 722 2445 ἐᾶσαι
751 2406 911 2459 χαίρειν.

310 2496 343 2541 1)
369 2500 467 2530 Mem.
495 2498 542 2528 1V
569 2499 608 2535 6,
636 2500 655 2529 6
681 2501 714 2528 et
737 2502 813 2528 ante
838 2499 949 2529 omnia
973 2499 1021 2528 IV
1046 2500 1087 2536 4,
1115 2499 1135 2529 δ
1153 2507 1244 2537 sqq.,
1282 2497 1337 2536 qui
1373 2498 1465 2528 locus
1495 2499 1676 2546 praeterea*

213 2556 302 2586 aliud
336 2558 496 2586 testatur:
533 2556 598 2585 iam
624 2555 769 2586 Socratis
793 2555 934 2587 fortasse
957 2555 1041 2585 illud
1066 2555 1167 2586 fuisse
1191 2550 1422 2600 ζδικαιοσύνης
1447 2549 1531 2586 εἶναι
1554 2550 1667 2601 ‹po-lay

214 2611 248 2646 ἐν
272 2615 348 2650 ταῖς
371 2608 492 2645 πόλεσι
514 2607 629 2645 ποιεῖν’
665 2613 721 2651 (cf.
747 2613 781 2642 in
807 2613 922 2652 primis
955 2612 975 2652 ξ
1002 2614 1043 2644 16
1069 2617 1101 2643 et
1127 2613 1184 2651 17)
1219 2612 1307 2651 quod
1339 2622 1414 2643 cum
1448 2620 1550 2651 supra
1572 2610 1667 2642 Anti·
1684 2643 1697 2646 η

215 2671 322 2701 stheni
348 2681 365 2701 e
391 2670 602 2709 Clitophonte
637 2670 939 2709 assignaverimus,
977 2671 1199 2709 desumpsisse
1233 2670 1327 2700 illum
1360 2679 1381 2700 a
1405 2669 1540 2700 Socrate
1562 2669 1689 2716 patet}-

215 2737 312 2766 quem
348 2728 538 2768 ceteroquin
574 2736 703 2767 quoque
743 2731 875 2768 praeter
914 2727 1077 2760 rationem
1117 2727 1259 2767 logicam
1295 2736 1423 2759 merum
1462 2718 1685 2767 expressisses¹
1719 2732 1738 2767 ᾗ

215 2785 357 2818 videtur.
