1908 3221
826 277 881 283 ⁴-
940 250 1110 295 21-

251 356 321 403 est‚
353 356 467 395 cadit.
527 356 708 396 Socrates
727 357 917 397 virtutem
949 371 1028 396 non
1055 356 1132 396 nisi
1164 357 1437 408 cognoscendo
1468 357 1690 409 adipiscen-

249 425 337 463 dam
367 437 452 463 esse
483 425 647 464 dixerat.
707 426 818 464 Idem
859 428 1064 466 contendit
1093 427 1228 475 Plato,
1271 428 1314 464 in
1345 427 1429 465 dies
1459 440 1554 465 vero
1584 428 1688 464 hanc

248 493 486 532 sententiam
526 494 710 534 immutat
748 500 867 547 atque
899 495 1072 545 corrigit.
1133 496 1165 533 E
1198 496 1376 548 quinque
1405 495 1584 534 fontibus
1615 495 1687 533 ho-

246 562 371 601 nestis
392 562 718 612 philosophicam,
752 576 867 614 quam
900 568 1038 612 postea
1059 576 1080 601 a
1101 564 1255 612 vulgari
1282 564 1466 613 seiungit,
1498 564 1686 602 virtutem

214 646 218 650 -
247 642 431 668 emanare
456 630 596 669 docet:
627 643 648 669 e
678 630 851 679 iustitia,
883 631 1171 680 moderatione,
1203 631 1408 682 sapientia,
1439 631 1687 679 fortitudine,

245 697 395 749 pietate
413 698 462 749 ¹).
522 698 698 740 Quarum
720 713 808 738 cum
838 700 985 749 primas
1007 704 1140 749 partes
1171 704 1284 749 gerat
1313 700 1476 747 iustitia,
1508 713 1579 750 pro
1601 701 1689 750 ipsa

244 766 394 807 virtute
423 771 648 818 usurpatur.
709 766 819 810 Quae
851 767 1049 807 sententia
1078 768 1134 807 ita
1164 772 1348 816 mutatur,
1379 772 1424 808 ut
1455 781 1535 807 non
1560 769 1686 807 omni-

244 837 319 875 bus
349 850 485 876 omnes
505 838 674 877 virtutes
703 838 833 876 inesse
865 838 1009 876 debere
1039 838 1250 889 statuat—2).
1312 838 1419 876 Hinc
1440 851 1576 876 rursus
1596 851 1686 887 pro-

245 905 444 954 greditur,
487 907 592 958 quod
625 906 782 958 quando
812 906 961 944 factum
992 906 1065 953 sit,
1108 910 1289 945 accurate
1329 909 1462 956 potest
1499 905 1686 944 indicari:

245 976 433 1025 quattuor
472 988 555 1012 esse
586 974 756 1014 virtutes
788 987 932 1027 easque
963 975 1112 1024 positas
1143 987 1229 1013 esse
1259 975 1300 1012 in
1333 975 1500 1023 singulis
1531 974 1685 1011 animae

243 1041 432 1091 partibus.
493 1042 560 1080 Fit
589 1046 719 1080 autem
748 1042 816 1080 hic
845 1054 1078 1092 progressus
1110 1046 1249 1094 quarto
1281 1041 1539 1092 Reipublicae
1570 1041 1684 1088 libro,

243 1113 360 1149 autea
400 1123 606 1163 nusquam.
668 1110 779 1153 Quae
810 1112 842 1150 si
874 1115 1005 1159 tenes,
1048 1111 1088 1149 id
1119 1111 1288 1150 fortasse
1319 1111 1574 1161 explanatur,
1617 1123 1686 1149 cur

244 1178 291 1215 de
322 1178 485 1226 iustitia,
518 1180 565 1216 de
596 1179 878 1227 moderatione,
912 1180 959 1216 de
987 1179 1235 1227 fortitudine,
1269 1179 1316 1216 de
1339 1178 1488 1229 pietate
1510 1178 1686 1217 emiserit

242 1246 357 1285 Plato
399 1247 596 1297 dialogos,
644 1249 690 1287 de
722 1248 918 1299 sapientia
948 1248 1131 1287 minime:
1176 1252 1328 1287 mutata
1359 1248 1556 1287 sententia
1587 1261 1683 1299 quo-

243 1314 373 1352 minus
405 1316 588 1367 quintum
619 1316 819 1355 emitteret
848 1317 1073 1366 prohibitus
1095 1321 1165 1354 est.
1229 1315 1344 1357 Quod
1374 1320 1464 1355 utut
1488 1329 1529 1354 se
1550 1316 1682 1363 habet,

240 1386 397 1433 tempus
427 1384 549 1422 fuisse
581 1389 745 1433 constat,
778 1397 856 1436 quo
881 1384 994 1423 Plato
1026 1385 1200 1423 nondum
1231 1384 1473 1423 seiunxisset
1505 1383 1682 1433 singulas

240 1451 409 1491 virtutes
449 1454 663 1492 secundum
702 1453 857 1491 animae
898 1457 1043 1502 partes.
1103 1453 1203 1490 Tum
1233 1466 1328 1491 vero
1372 1453 1562 1502 scriptum
1596 1464 1682 1490 esse

239 1519 410 1570 primum
428 1521 592 1560 Politias
613 1521 758 1560 librum
779 1521 902 1560 firmis
924 1521 1082 1571 probari
1105 1522 1348 1571 argumentis
1370 1524 1512 1571 potest.
1553 1520 1680 1562 Quem

238 1589 288 1626 ad
320 1588 438 1627 finem
470 1591 657 1628 acerrime
690 1590 805 1628 nobis
836 1590 1159 1639 distinguendum
1192 1597 1251 1628 est
1280 1590 1472 1628 iustitiam
1503 1590 1610 1628 inter
1641 1593 1680 1627 et

226 1657 563 1698 moderationem.
625 1658 729 1701 Quid
760 1659 812 1698 sit
840 1659 1078 1710 moderatio,
1118 1659 1265 1709 optime
1305 1659 1489 1697 docemur
1520 1659 1567 1696 de
1596 1671 1679 1708 rep.

241 1727 380 1765 442d:
413 1724 603 1778 σώφρονα
634 1728 848 1779 (καλοῦμεν
870 1725 938 1765 ἕνα
963 1725 1142 1777 ἕκαστον)
1175 1728 1221 1780 τῇ
1243 1727 1355 1779 φιλίᾳ
1377 1724 1444 1764 καὶ
1470 1725 1680 1779 ξυμφωνίᾳ

240 1793 289 1847 τῇ
320 1788 453 1833 αὐτῶν
483 1792 648 1844 τούτων,
681 1792 777 1835 ὅταν
806 1791 851 1834 τό
871 1808 911 1834 τε
940 1789 1061 1847 ἄρχον
1091 1793 1158 1833 καὶ
1188 1790 1242 1833 τω
1274 1789 1475 1846 ἐρχομένω
1505 1789 1548 1833 τὸ
1579 1796 1680 1846 λογι-

241 1858 377 1901 στικόν
420 1858 645 1914 ὁμοδοξῶσι
683 1864 766 1902 δεῖν
802 1859 933 1915 ἄρχειν
964 1862 1031 1902 καὶ
1062 1860 1117 1914 μή
1149 1859 1402 1910 στασιάζωσιν
1433 1858 1551 1916 αὐτῷ.
1611 1864 1678 1900 Iu-

240 1931 350 1971 stitia
379 1946 474 1972 vero
506 1938 588 1973 est:
630 1928 673 1972 τό
714 1928 935 1972 ὑπόλοιπον
975 1929 1241 1984 σωφροσύνης
1279 1930 1346 1970 καὶ
1388 1926 1571 1984 ἀνδρείας
1610 1929 1677 1970 καὶ

239 1997 494 2050 φρονήσεως,
538 1999 562 2040 ὃ
592 2004 687 2040 πᾶσι
728 2001 891 2047 ἐκείνοις
930 2001 1001 2051 τὴν
1043 1997 1214 2051 δύναμιν
1257 2000 1447 2053 παρέσχεν
1490 1997 1586 2038 ὥστε
1617 1998 1681 2052 ἐγ-

237 2066 425 2121 γενέσθαι
470 2068 535 2108 καὶ
578 2068 847 2123 ἐγγενομένοις
887 2084 928 2122 γε
975 2069 1172 2121 σωτηρίαν
1213 2067 1396 2121 παρέχειν
1436 2067 1585 2120 ἕως-περ
1630 2063 1679 2108 ἂν

239 2136 308 2192 ἕνῇ
338 2139 404 2189 (de
427 2152 510 2189 rep.
534 2144 614 2178 433
634 2141 676 2190 b)
691 2140 742 2190 ³).
805 2139 913 2181 Quos
943 2139 1051 2177 locos
1077 2152 1097 2177 e
1121 2142 1261 2191 quarto
1286 2138 1545 2188 Reipublicae
1575 2138 1676 2176 libro

236 2207 457 2259 adscriptos
487 2209 776 2259 provectiorem
807 2211 926 2261 atque
958 2208 1216 2248 excultiorem
1248 2208 1427 2247 Platonis
1458 2208 1677 2247 doctrinam

237 2278 446 2316 ostendere
487 2280 771 2318 contendimus.
832 2278 1137 2329 Componendus
1178 2291 1267 2316 cum
1306 2277 1356 2316 iis
1400 2282 1460 2317 est
1494 2276 1676 2326 Gorgiae,

237 2359 354 2399 quem
386 2352 477 2387 ante
498 2348 685 2387 Politiam
715 2349 905 2400 scriptum
934 2360 1019 2387 esse
1049 2361 1165 2386 nemo
1197 2347 1363 2395 dubitat,
1394 2347 1504 2386 locus
1538 2346 1676 2384 504d:

236 2415 323 2460 ταῖς
352 2412 395 2454 δὲ
424 2417 495 2466 τῆς
526 2418 658 2467 ψυχῆς
697 2412 826 2463 τάξεσι
866 2413 931 2454 καὶ
972 2411 1185 2466 κοσμήσεσι
1227 2415 1355 2466 (δοκεῖ
1392 2410 1520 2465 ὄνομα
1561 2408 1676 2465 εἶναι)

235 2478 408 2534 νόμιμόν
438 2497 477 2522 τε
507 2482 575 2523 καὶ
605 2481 738 2535 νόμος,
771 2480 871 2523 ὅθεν
900 2482 964 2523 καὶ
990 2480 1153 2535 νόμιμοι
1184 2484 1384 2536 γίγνονται
1405 2481 1472 2523 καὶ
1497 2479 1673 2534 κόσμιοι·

234 2553 358 2591 ταῦτα
389 2548 422 2591 δ’
452 2550 532 2592 ἔστι
563 2550 799 2604 δικαιοσύνη
829 2567 868 2591 τε
898 2552 966 2592 καὶ
997 2548 1251 2605 σωφροσύνη.
1314 2554 1426 2592 Idem
1446 2553 1570 2603 igitur
1590 2553 1673 2592 fere

328 2725 361 2768 1)
385 2727 426 2756 cf.
450 2726 557 2756 Zeller
581 2726 603 2755 l.
621 2726 643 2755 l.
670 2735 701 2765 p.
723 2726 787 2757 ¹748
812 2735 889 2755 ann.
908 2727 936 2756 2.

329 2783 363 2826 2)
386 2785 519 2822 Protag.
546 2785 641 2815 229e
666 2786 699 2814 et
721 2783 830 2814 Zeller
854 2784 874 2812 l.
896 2783 918 2813 1.
943 2793 974 2821 p.
994 2784 1059 2814 748
1086 2792 1162 2813 ann.
1183 2785 1211 2813 1.

327 2839 363 2885 3)
385 2841 427 2873 cf.
446 2850 529 2886 quae
545 2841 694 2873 Zellerus
718 2841 780 2872 hac
804 2841 844 2872 de
868 2850 905 2872 re
928 2841 1100 2882 ingeniose
1125 2841 1293 2881 expedivit
1315 2841 1337 2872 1.
1355 2841 1377 2871 1.
1402 2850 1434 2880 p.
1454 2841 1519 2871 479
1544 2850 1620 2872 ann.
1641 2843 1671 2873 1.
