1908 3226
95 3151 879 3182 ffwfflrrmwvmwwawaww
921 3157 924 3159 .

195 283 303 321 solus
325 281 454 333 possit
481 281 668 329 resecari,
700 282 886 334 quintum
908 295 1066 335 quoque
1097 282 1248 322 librum
1268 281 1505 333 posterioris
1536 285 1651 324 aeta--
1670 307 1673 310 v

195 350 249 390 tis
281 364 367 390 esse
398 351 636 389 documento
669 353 742 389 est.
1636 391 1638 394 ,
1672 339 1676 342 ’

310 421 477 471 Iamque
507 423 554 458 ut
582 423 727 458 natura
755 421 838 459 fert
868 420 1001 471 operis
1036 420 1265 471 imperfecti
1296 423 1416 472 atque
1452 421 1657 470 incohatis

196 488 372 537 vestigia
400 488 499 527 h‘cet
529 501 768 537 cognoscere
798 487 943 527 inserti
964 491 1103 539 postea
1131 488 1228 528 libri
1250 488 1394 541 quinti,
1426 490 1533 542 quod
1553 477 1654 529 ante*

196 557 353 595 additos
382 556 509 595 libros
530 557 638 596 VIII
659 560 700 595 et
720 557 784 595 IX
814 558 965 595 factum
997 571 1082 596 esse
1109 558 1240 596 debet.
1287 559 1509 597 Enumerat
1538 558 1647 598 enim

198 640 268 665 suo
299 639 410 664 more
440 626 557 665 Plato
598 625 718 665 initio
758 626 855 665 libri
885 626 992 665 VIII
1033 639 1133 679 quae
1175 627 1305 665 adhuc
1342 627 1536 667 enodatae
1567 628 1649 668 sint
1726 678 1729 680 Ι

197 694 473 747 quaestiones:
517 688 613 732 εἷεν·
656 695 777 731 ταῦτα
809 691 881 743 μὲν
911 691 962 743 δή
994 689 1263 746 ω’μολόγηται,
1296 686 1328 733 ὦ
1360 691 1569 743 Γλαύκων,
1598 697 1649 750 τῇ

198 757 391 817 μελλούσῃ
433 758 565 814 ἄκρως
605 759 729 801 οἰκεῖν
760 758 871 801 πόλει
913 758 1049 808 κοινάς
1089 759 1160 812 μὲν
1190 765 1381 815 γυναῖκας
1411 759 1573 810 κοινοῦς
1603 761 1647 804 δὲ

199 830 346 877 παῖδας
378 826 476 869 εἶναι
507 829 573 869 καὶ
606 832 740 869 πᾶσαν
772 830 969 878 παιδείαν,
1003 826 1192 878 ὦσαύτως
1222 829 1264 870 δὲ
1284 827 1331 870 τοὶ
1353 828 1647 883 ἐπιτηδεύματα

199 896 314 939 κοινοὶ
347 898 388 939 ἐν
420 897 577 953 πολέμῳ
609 913 648 938 τε
678 898 743 937 καὶ
776 896 931 954 εἰρήνῃ,
971 898 1155 952 βασιλέας
1185 897 1227 939 δὲ
1259 895 1392 939 αὐτῶν
1422 896 1522 941 εἶναι
1552 898 1647 948 τούς

199 967 241 1007 ἐν
281 967 503 1021 φιλοσοφίᾳ
545 982 583 1005 τε
624 966 690 1005 καὶ
734 964 835 1018 πρός
876 964 944 1006 τόν
984 964 1157 1017 πόλεμον
1197 964 1407 1021 γεγονότας
1447 965 1645 1021 ἀρίστους.
1696 971 1733 987 ”

201 1038 280 1081 Qui
312 1037 628 1077 enumerationis
660 1038 756 1077 ordo
787 1038 953 1077 minime
983 1039 1202 1089 respondet
1232 1038 1490 1088 enarrationi,
1522 1053 1648 1093 eaque

199 1108 248 1146 de
290 1120 409 1145 causa
448 1108 497 1146 de
537 1107 700 1146 feminis
741 1107 922 1159 quaestio
964 1108 1094 1158 primo
1134 1109 1222 1147 loco
1263 1108 1512 1156 nominatur,
1554 1109 1650 1161 quia

200 1176 385 1227 proxime
418 1176 591 1227 scriptus
623 1179 710 1214 erat
738 1175 843 1215 liber
874 1175 1051 1228 quintus.

315 1245 392 1282 Sed
422 1245 549 1282 multo
590 1244 816 1282 accuratius
858 1244 972 1295 quasi
1003 1258 1164 1282 manum
1195 1245 1377 1284 Platonis
1410 1258 1647 1294 cognoscere

200 1326 410 1364 possumus
441 1314 550 1351 hunc
579 1312 730 1352 librum
767 1312 996 1351 inserentis.
1059 1315 1206 1352 Actum
1238 1317 1299 1352 est
1327 1328 1365 1365 p.
1390 1317 1471 1353 444
1501 1314 1551 1353 de
1585 1314 1649 1352 in-

198 1381 375 1420 iustitia:
408 1385 634 1433 sequuntur
655 1382 874 1419 secundum
896 1381 1110 1420 Glauconis
1137 1381 1182 1419 in
1201 1382 1306 1420 libro
1329 1383 1500 1421 secundo
1521 1382 1650 1422 inter-

199 1449 451 1500 rogationem
491 1451 612 1489 haec:
661 1446 713 1488 To*
747 1446 788 1488 δὲ
828 1445 967 1488 λοιπόν
1005 1445 1106 1500 ἤδη,
1150 1443 1203 1496 αἷς
1244 1448 1393 1499 ἔοικεν,
1434 1444 1530 1502 ἡμῖν
1569 1448 1650 1489 ἐστι

204 1517 437 1567 σκέψασθαι
478 1515 647 1569 πότερον
678 1510 729 1555 αὖ
769 1521 958 1556 λυσιτελεῖ
994 1518 1126 1556 δίκαια
1162 1532 1201 1556 τε
1239 1515 1423 1570 πράττειν
1453 1517 1516 1557 καὶ
1549 1514 1650 1557 aaa&

205 1583 451 1637 ἐπιτηδεύειν
471 1585 540 1625 καὶ
572 1581 671 1625 εἶναι
702 1586 872 1634 δίκαιον,
906 1583 974 1625 ἐάν
996 1600 1034 1624 τε
1060 1582 1243 1643 λανθάνῃ
1276 1584 1345 1625 ε’άν
1366 1601 1405 1626 τε
1435 1584 1490 1639 μή
1520 1589 1652 1628 τοιοῦ-

204 1671 272 1702 τος
303 1652 377 1702 ὄν,
410 1652 437 1706 ἢ
467 1651 621 1695 οἷδικεῖν
650 1669 690 1694 τε
721 1654 788 1694 καὶ
819 1651 961 1694 ἄδικον
992 1650 1111 1702 εἶναι,
1144 1652 1289 1708 ἐάνπερ
1321 1653 1376 1707 μή
1407 1647 1508 1711 διδῷ
1538 1656 1653 1708 δίκην

206 1723 305 1776 μηδὲ
336 1724 499 1776 βελτίων
529 1724 705 1777 γίγνηται
741 1720 1014 1774 κολαζόμενος.
1074 1719 1181 1774 Ἀλλ’,
1223 1723 1322 1775 ἔφη,
1364 1717 1395 1764 ὦ
1426 1721 1651 1777 Σώκρατες,

205 1797 357 1848 γελοῖον
387 1792 519 1847 ἔμοιγε
550 1793 734 1843 φαίνεται
771 1790 813 1833 τὸ
846 1791 998 1843 σκέμμα
1037 1793 1243 1846 γίγνεσθαι
1272 1790 1373 1845 ἤδη,
1414 1793 1450 1833 εἰ
1477 1796 1549 1834 τοῦ
1580 1791 1652 1845 μὲν

206 1860 389 1914 σώματος
420 1892 430 1902 .
454 1893 462 1902 .
488 1893 496 1901 .
533 1864 572 1900 Γ
569 1864 697 1901 ελοῖον
728 1857 817 1915 γάρ,
849 1853 898 1912 ἦν
929 1857 963 1900 δ’
994 1858 1082 1915 ἐγώ.
1134 1857 1230 1901 Ἀλλ’
1260 1859 1371 1914 ὅμως
1401 1851 1560 1916 ἐπείπερ
1592 1861 1653 1903 ἐν·

206 1934 341 1971 ταῦθα
373 1927 634 1982 ἐληλύθαμεν,
667 1926 763 1969 ὅσον
791 1926 880 1969 οἷόν
910 1944 950 1969 τε
981 1929 1206 1980 σαφέστατα
1235 1931 1409 1970 κατιδεῖν
1438 1928 1499 1971 ὅτι
1528 1934 1654 1971 ταῦτα

208 1998 337 2047 οὕτως
379 1998 473 2051 ἔχει,
516 1994 566 2038 οὗ
605 1995 677 2052 χρὴ
710 1995 969 2050 οἷποκοὶμνειν.
1019 1994 1187 2039 ’Ἠκιστα
1227 1995 1278 2051 νὴ
1317 1995 1387 2039 τόν
1417 2000 1518 2048 Δία,
1559 1995 1679 2052 ἔφη]

207 2067 370 2110 πάντων
401 2066 669 2119 ἀποκμητέον.
717 2069 848 2120 Δεῦρο
878 2070 964 2115 νῦν,
996 2060 1045 2118 ἦν
1073 2063 1107 2106 δ’
1129 2064 1218 2121 ἐγώ,
1250 2067 1317 2107 ἰ’νοι
1346 2067 1414 2107 καὶ
1445 2068 1548 2125 ἴδῃς,
1578 2065 1655 2109 ὅσα

208 2137 277 2178 καὶ
309 2137 395 2188 εἴδη
427 2135 503 2188 ἔχει
533 2131 560 2186 ἡ
590 2136 728 2183 κακία,
763 2131 816 2182 οἷς
848 2135 935 2187 ἐμοὶ
967 2136 1094 2184 δοκεῖ,
1128 2133 1153 2175 ὅὶ
1184 2151 1226 2190 γε
1258 2132 1307 2187 δή
1338 2135 1405 2176 καὶ
1436 2132 1526 2185 ἄξια
1554 2135 1656 2185 θέας

208 2206 285 2247 κτέ.
339 2207 532 2260 Sequitur
562 2206 762 2258 expositio
794 2207 843 2245 de
875 2209 1064 2259 quattuor
1092 2206 1319 2246 iniustitiae
1349 2207 1563 2256 generibus
1591 2222 1655 2248 re-

209 2277 501 2329 spondentibus
539 2275 709 2314 totidem
741 2275 976 2315 civitatibus
1005 2277 1109 2314 maie
1148 2275 1451 2315 administratis.
1509 2276 1656 2315 Videa-

208 2361 297 2386 mus
338 2346 371 2384 si
411 2346 546 2397 placet
587 2344 876 2394 cogitationum
920 2344 1029 2383 inter
1070 2359 1110 2383 se
1153 2358 1362 2384 conexum.
1437 2344 1655 2398 Reliquum

207 2417 336 2466 igitur
366 2418 447 2462 est,
485 2417 531 2453 ut
562 2417 798 2466 quaeratur,
829 2417 922 2452 utra
952 2413 1006 2452 sit
1034 2413 1194 2461 utilior,
1232 2413 1392 2452 iustitia
1421 2427 1575 2467 summa
1603 2427 1684 2453 anx

207 2484 423 2525 iniustitia.
473 2483 534 2523 De
566 2497 644 2536 quo
676 2496 918 2536 quamquam
948 2497 1030 2522 non
1058 2482 1139 2522 iam
1159 2482 1337 2523 dubitari
1365 2496 1481 2535 posse
1511 2473 1695 2536 putant*

210 2560 251 2596 et
272 2556 452 2595 Glaucon
483 2556 524 2591 et
544 2553 738 2600 Socrates,
770 2555 904 2591 tamen
936 2552 1031 2604 quia
1060 2551 1312 2603 propositum
1343 2552 1407 2600 sit,
1437 2566 1519 2591 non
1539 2552 1656 2592 omit-
1696 2543 1741 2594 .Ᾰῖ

208 2625 376 2665 tendum
393 2637 478 2662 esse
495 2622 670 2663 videtur.
712 2623 1004 2673 Exspectamus
1026 2621 1152 2671 igitur
1174 2635 1261 2660 eam
1277 2634 1378 2674 quae
1397 2620 1575 2662 indicata
1596 2619 1658 2663 est
1712 2626 1718 2631 ‘

211 2692 500 2746 quaestionem.
562 2691 669 2733 Quid
699 2705 797 2731 vero
838 2690 1049 2729 audimus?
1108 2691 1339 2729 Praefracte
1378 2694 1496 2730 tenor
1530 2691 1666 2731 intel·-x

209 2761 413 2814 rumpitur
453 2760 739 2812 disputationis
780 2764 822 2798 et
861 2759 994 2809 agitur
1032 2759 1118 2800 sive
1151 2762 1283 2798 actum
1320 2758 1374 2798 iri
1404 2746 1663 2811 promittitur*
