1908 3226
791 180 1079 225 -12-

208 297 321 326 suum
351 298 467 326 usum
499 286 718 327 verterunt.
778 288 864 327 Nec
883 287 976 327 inde
998 288 1104 341 quod
1126 288 1341 331 utilitatem
1361 259 1556 330 iustitiae
1556 283 1673 342 epuns

206 354 375 402 indicat,
407 355 597 394 certiores
626 355 714 393 fieri
745 368 973 405 possumus;
1003 356 1108 394 idem
1140 356 1247 394 enim
1278 359 1339 395 est
1367 357 1564 407 placitum
1578 347 1675 414 Sti-³f

208 422 327 462 cratis
345 421 394 474 1).
453 423 543 463 Una
572 422 697 475 igitur
725 427 851 465 restat
880 423 1015 465 tenuis
1046 436 1166 474 ansa,
1199 421 1538 477 ἐρρωμενέστατον
1568 435 1657 489 eum

206 492 352 538 vocari,
385 493 491 543 quod
523 506 663 542 parum
694 506 767 530 nos
796 493 919 532 iuvat.
980 492 1022 530 Si
1048 493 1239 543 suspicari
1271 493 1375 541 licet,
1408 488 1664 547 Aristippum-

205 563 245 599 et
267 559 473 600 Euclidem
497 560 682 615 equidem
714 574 907 613 propono,
940 574 1107 615 quorum
1137 564 1307 616 uterque
1338 565 1422 603 arte
1452 552 1671 607 dialectiea*

205 630 443 668 excelluisse
474 632 646 669 traditur
663 630 715 682 2).
1635 621 1637 625 ⁸

320 700 418 739 Cum
449 713 545 739 vero
584 700 663 738 iam
695 700 772 739 iste
803 700 986 751 quisnam
1024 700 1167 747 fuerit,
1208 699 1487 738 difficillimum
1517 701 1570 740 sit
1598 696 1656 739 ᾶί-Ι

202 767 400 817 iudicatu,
442 768 490 806 de
519 767 706 820 reliquis,
750 767 818 819 qui
850 771 1229 815 commemorantur,
1261 767 1472 809 Socraticis
1503 768 1603 820 (409
1617 769 1655 821 ο.)

205 848 362 874 omnem
394 849 503 887 spem
533 836 673 875 abicio.
733 836 836 873 Nam
868 836 974 888 quod
1005 835 1107 874 alius
1138 831 1181 873 τὸ
1216 833 1307 874 δέον
1338 835 1440 875 alius
1471 831 1516 875 to*
1547 832 1654 886 ὥφὲ-

203 905 320 952 λιμον
351 905 452 943 alius
482 899 527 942 τό
559 904 783 942 λυσιτελοῦν
815 918 914 953 opus
944 917 1029 942 esse
1059 904 1237 942 iustitiae
1268 904 1487 953 confirmat,
1518 917 1657 945 ansam

204 972 314 1011 nullo
356 973 474 1012 modo
514 973 700 1024 praebet,
745 984 845 1025 quae
876 971 1071 1013 vocabula
1110 971 1208 1012 utile
1249 972 1516 1023 significantia
1556 973 1654 1027 quin
1709 974 1726 1000 s-

204 1042 282 1079 iam
315 1043 498 1080 Socrates
527 1045 732 1093 uteunque
761 1042 914 1080 libebat
942 1042 1208 1091 usurpaverit,
1237 1055 1319 1080 non
1351 1042 1488 1081 du'bito
1506 1042 1556 1093 ³).
1634 1092 1636 1095 Α
1719 1094 1722 1097 ἢ

316 1109 391 1148 Sed
422 1111 634 1163 postquam
666 1110 715 1148 de
744 1109 858 1149 libris
888 1122 912 1148 a
941 1110 1200 1161 Clitophonte
1241 1109 1429 1150 adhibitis
1460 1113 1652 1164 quantum

203 1179 289 1217 fieri
321 1183 465 1228 potest,
499 1179 689 1217 certiores
709 1180 805 1217 facti
827 1193 972 1225 sumus,
1004 1179 1082 1216 alia
1112 1180 1160 1217 de
1190 1183 1370 1229 tempore
1401 1180 1548 1228 dialogi
1579 1180 1653 1218 cir·
1706 1179 1731 1228 ,ᾗ

203 1247 506 1297 cumspiciamus
530 1250 775 1296 argumenta,
807 1260 902 1284 num
934 1259 985 1284 ex
1014 1246 1102 1297 ipso
1135 1246 1291 1297 dialogo
1322 1246 1456 1297 colligi
1487 1246 1652 1299 possint.
1726 1236 1731 1241 Ἄ

204 1315 358 1358 Quibus
388 1330 470 1355 non
501 1317 619 1367 plane
645 1330 833 1356 caremus.
895 1316 1046 1355 Summi
1070 1317 1176 1355 enim
1207 1320 1301 1356 sunt
1330 1318 1520 1356 momenti
1551 1329 1653 1370 quae

201 1398 239 1435 p.
265 1386 343 1424 407
362 1386 387 1423 b
420 1388 582 1424 exstant
610 1386 754 1424 verba:
786 1381 853 1422 καὶ
879 1378 969 1422 οὔτε
992 1379 1257 1430 διδασκάλους
1288 1379 1426 1430 αὐτοῖς
1457 1378 1653 1436 εὑρίσκετε

201 1453 272 1502 τῆς
304 1448 578 1504 δικαιοσύνης,
611 1451 718 1505 εἴπερ
750 1447 954 1503 μαθητόν·
987 1449 1023 1490 εἰ
1051 1448 1093 1491 δὲ
1124 1448 1334 1504 μελετητόν
1363 1465 1402 1491 τε
1432 1450 1501 1492 καὶ
1532 1447 1651 1505 ἄσκη-

200 1519 280 1569 τόν,
315 1522 457 1567 οἵτινες
488 1519 749 1571 ἐξασκήσουσι
779 1521 846 1559 καὶ
879 1518 1179 1571 ἒκμελετήσουσι
1211 1521 1375 1567 ἱκανῶς·
1408 1518 1502 1560 οὐδέ
1531 1518 1565 1574 y’
1594 1521 1649 1561 ἔτι

201 1587 397 1644 πρότερον
428 1584 536 1642 ἡμᾶς
567 1585 716 1638 αὐτούς
745 1587 823 1630 κτὲ.

315 1662 517 1700 Socratem
547 1661 727 1700 docuisse
758 1666 879 1714 atque
899 1660 1121 1700 Socraticos
1151 1661 1343 1700 virtutem
1373 1661 1505 1701 doceri
1535 1674 1653 1712 posse

198 1744 316 1770 nemo
340 1730 535 1780 nescit4).
595 1731 793 1769 Isocrates
824 1743 919 1770 vero
950 1730 1020 1783 qui
1051 1731 1100 1768 ab
1132 1730 1249 1769 initio
1284 1730 1389 1769 idem
1422 1730 1650 1779 tradiderat,

200 1812 295 1837 mox
336 1812 359 1836 a
399 1798 612 1836 Socraticis
652 1812 693 1836 se
735 1799 923 1836 abdicans
963 1812 1125 1847 prorsus
1165 1799 1408 1836 contrarium
1448 1799 1651 1848 professus
1734 1852 1738 1854 ‚

198 1869 270 1906 est.
331 1865 483 1908 Quodsi
514 1868 650 1905 noster
678 1864 831 1905 Socrati
853 1865 1042 1905 Isocratis
1070 1865 1269 1917 imputare
1298 1866 1461 1906 videtur
1491 1868 1650 1906 senten-

197 1936 314 1983 tiam,
351 1935 392 1972 id
424 1936 540 1973 nobis
570 1938 726 1973 tantum
756 1936 813 1973 ita
843 1935 1012 1974 videtur.
1075 1935 1321 1988 Aequalibus
1351 1935 1539 1973 nimirum
1571 1937 1649 1973 sta·
1706 1921 1735 1973 ἶ.-

198 2004 269 2043 tim
297 2004 506 2043 constabat
537 2004 585 2043 de
617 2017 687 2043 suo
710 2004 1009 2055 Clitophontem
1039 2004 1183 2044 addere
1212 2004 1317 2044 hanc
1346 2004 1681 2044 dubitationems.

199 2073 311 2115 Quae
341 2086 405 2112 res
436 2074 657 2113 certissima
687 2074 733 2112 fit
763 2074 840 2111 alio
873 2074 1143 2123 Glitophontis
1173 2073 1261 2112 loco
1293 2075 1436 2112 408b:
1483 2067 1649 2118 Τούτοις
1674 2116 1677 2118 ,
1731 2088 1736 2093 “

199 2137 248 2192 δὴ
280 2143 363 2188 τοῖς
392 2136 526 2195 λόγοις
556 2139 624 2180 καὶ
656 2138 803 2194 ἑτέροις
828 2136 878 2193 δὴ
900 2136 1097 2188 τοιούτοις
1127 2136 1375 2192 παμπόλλοις
1405 2138 1472 2181 καὶ
1495 2136 1649 2194 παγκᾰ-
1680 2177 1686 2183 2
1723 2145 1732 2178 ζ’

197 2211 275 2255 λως
294 2208 522 2262 λεγομένοις
544 2205 608 2257 ὥς
638 2206 879 2249 διδακτὸν
910 2206 1112 2263 ἆρετή5)
1144 2208 1210 2249 καὶ
1234 2206 1396 2250 πάντων
1419 2207 1564 2249 ἑαυτοῦ
1585 2208 1666 2267 δεῖ»

292 2370 324 2412 1)
350 2372 391 2401 cf.
416 2371 526 2401 Zeller
550 2371 635 2400 Phil.
660 2371 690 2400 d.
718 2370 775 2400 Gr.
800 2372 860 2400 11³
885 2371 963 2402 133.

290 2426 325 2470 2)
349 2428 448 2467 Diog.
473 2428 585 2459 Laert.
613 2428 647 2458 11
672 2429 709 2466 8,
737 2428 756 2458 3
782 2431 814 2459 et
837 2428 870 2458 11
898 2430 957 2466 10,
985 2430 1014 2459 2.
1065 2428 1181 2467 Neque
1206 2427 1411 2459 adversabor
1434 2427 1516 2468 tibi,
1552 2427 1581 2459 si
1605 2427 1668 2471 de»

196 2486 376 2517 Phaedone
401 2486 484 2517 Eleo
509 2486 654 2525 cogitare
679 2485 849 2525 Diogenes
875 2488 906 2517 te
931 2485 1047 2517 movit.

291 2542 324 2584 3)
349 2544 390 2574 cf.
414 2543 511 2573 Plato
536 2543 577 2573 de
600 2552 670 2581 rep.
697 2552 731 2582 p.
752 2544 817 2574 336
835 2543 866 2573 d

287 2599 323 2641 4)
356 2601 397 2631 cf
431 2603 562 2640 praeter
594 2600 661 2631 alia
691 2600 845 2640 Xenoph.
872 2600 970 2633 Mem.
997 2600 1049 2631 111
1076 2602 1094 2632 9
1129 2602 1161 2631 et
1191 2609 1275 2639 quae
1306 2599 1561 2632 Reinhardtius·
1577 2600 1675 2666 de

197 2658 354 2689 Isocratis
379 2653 530 2689 aemulis’
555 2668 588 2698 p
610 2659 747 2690 30-35
773 2659 835 2690 hac
859 2659 900 2690 de
924 2668 960 2690 re
985 2659 1066 2690 scite
1090 2658 1253 2699 exposuit.
1660 2659 1670 2674 ³

290 2713 323 2758 5)
347 2716 446 2746 Meno
469 2716 681 2753 Platonicus,
718 2717 759 2746 de
784 2725 848 2754 quo
883 2717 957 2755 quis
991 2716 1088 2748 facile
1121 2716 1183 2748 hoc
1215 2717 1287 2747 loco
1311 2715 1528 2757 cogitaverit,
1563 2710 1670 2748 nihil

196 2771 352 2813 continet,
378 2773 466 2815 quod
490 2773 554 2806 huc
578 2773 694 2807 referri
717 2774 832 2815 possit.
1647 2785 1650 2786 ’
