1908 3221
807 257 1091 301 -33-

211 353 357 408 libris.
404 360 556 406 Quidni
574 360 727 400 inserto
748 361 825 401 11οο
854 363 941 402 1000
965 363 1100 402 statim
1122 364 1391 418 conscriptum
1413 379 1497 405 esse
1519 366 1670 407 librum

180 433 335 489 ΥΠ
365 435 406 471 et
433 431 500 470 IX
538 430 784 468 statuamus?
843 432 970 471 Adice
1010 433 1117 484 quod
1145 435 1261 473 Plato
1302 435 1588 475 enuntiaverat
1625 436 1669 473 in

227 501 402 556 pessima
440 500 548 539 urbe·
579 497 824 537 iniustitiam
864 513 905 538 se
945 500 1207 540 inventurum
1237 516 1322 542 esse
1353 500 1437 554 (καὶ
1469 496 1521 542 αὖ
1552 502 1595 543 ἐν
1621 504 1670 558 τῇ

226 565 394 611 κάκιστα
424 565 640 621 οἰκουμένῃ
673 561 831 605 ἆὸικίαν
860 582 899 619 p.
923 571 1004 606 420
1016 569 1071 620 b).
1131 571 1223 608 Non
1262 574 1397 610 autem
1435 586 1557 611 unam
1598 574 1668 612 sed

184 671 188 675 .
217 642 420 695 „quattuor
449 637 638 688 deinceps
677 635 861 688 depingit
890 637 1035 685 malas,
1077 651 1245 691 quarum
1285 640 1459 691 primum
1496 642 1668 681 strictim

187 703 201 710 ³
225 699 275 752 fit
302 707 453 748 mentio
485 720 523 758 p.
546 708 628 744 445
644 718 675 744 0.
737 704 848 747 Quae
879 705 1096 745 difficultas
1127 707 1246 746 facile
1284 708 1343 747 ita
1373 710 1568 749 enodatur
1596 711 1668 749 uni

230 778 403 835 *ptimae
433 790 515 816 non
553 775 634 814 iam
673 774 837 814 licuisse
876 777 1066 827 quattuor
1103 789 1304 828 opponere
1333 779 1477 827 malas,
1518 779 1666 832 quippe

227 861 329 901 quae
357 860 440 885 non
470 845 581 884 aliud
601 848 864 896 sequerentur
886 844 1097 883 consilium
1118 845 1197 883 nisi
1225 845 1469 885 iniustitiam
1497 848 1667 888 investi-

182 908 408 967 gandam.
457 915 602 967 Itaque
634 913 824 952 simulatu
854 927 952 964 opus
984 916 1071 952 erat
1099 927 1220 952 unam
1250 917 1408 954 tantum
1438 920 1666 956 enarratum

195 1014 197 1016 -
224 985 278 1044 iri
307 984 532 1037 pessimam.

341 1054 419 1093 Sed
455 1053 555 1091 haec
592 1052 787 1090 hactenus
826 1051 876 1090 de
915 1051 1020 1091 libro
1042 1052 1148 1091 VIII
1179 1055 1219 1091 et
1248 1052 1324 1092 IX.
1386 1053 1497 1096 Quae
1527 1058 1667 1106 postea

227 1123 416 1162 adiuncta
446 1136 530 1160 esse
562 1121 596 1160 si
626 1120 702 1160 tibi
739 1120 928 1171 probavi,
967 1135 1049 1159 non
1087 1121 1168 1159 iam
1198 1122 1451 1174 acquiescere
1486 1124 1585 1163 licet
1621 1124 1666 1162 in

224 1193 303 1232 hoc
329 1190 493 1239 iudicio,
525 1203 614 1229 cum
636 1189 716 1228 alia
743 1188 838 1228 inde
860 1192 1078 1242 sequantur
1097 1190 1337 1240 gravissima
1357 1191 1406 1230 de
1435 1192 1561 1232 totius
1582 1192 1666 1232 dia-

223 1261 308 1311 logi
329 1258 628 1311 compositione.
675 1258 895 1297 Statuimus
916 1259 1047 1297 adhuc
1067 1259 1242 1310 primum
1271 1260 1368 1299 libri
1392 1262 1527 1313 quarti
1547 1266 1667 1313 caput

224 1330 404 1370 eiusdem
447 1331 566 1380 atque
609 1327 735 1367 libros
763 1328 872 1366 VIII
912 1331 952 1366 et
990 1328 1056 1366 IX
1100 1342 1185 1368 esse
1229 1329 1385 1369 aetatis.
1457 1331 1667 1380 Leguntur

225 1402 360 1438 autem
387 1397 432 1435 in
453 1396 594 1450 quinto
623 1396 728 1436 libro
751 1409 851 1449 quae
873 1397 999 1446 digito
1021 1401 1248 1437 monstrent
1271 1402 1390 1451 caput
1416 1399 1522 1439 illud
1540 1402 1666 1439 verba

224 1464 420 1521 p.‘465c:
452 1464 655 1516 ,μέμνησαι
686 1457 770 1514 οὖν,
812 1457 862 1515 ἦν
893 1460 926 1504 δ’
957 1461 1053 1518 ἐγώ,
1096 1462 1173 1505 ὅτι
1214 1464 1266 1505 ἐν
1306 1470 1410 1513 τοῖς
1439 1463 1666 1520 πρόσθεν

224 1530 320 1576 οὐκ
352 1530 469 1574 οἶδα
499 1530 620 1573 ὅτου
650 1529 800 1586 λόγος
830 1528 952 1583 ἡμῖν
982 1532 1283 1585 ἐπέπληξεν,
1317 1531 1392 1574 ὅτι
1420 1532 1540 1583 τούς
1570 1533 1666 1585 φύ-

222 1607 381 1650 λακας
419 1597 508 1643 οὐκ
540 1599 857 1653 εὐδαίμονας
886 1604 1155 1653 ποιοῦμεν,
1197 1598 1258 1650 οἷς
1289 1599 1377 1651 ἐξόν
1405 1600 1536 1644 πάντα
1566 1603 1665 1656 ἔχειν

201 1670 269 1720 ,τοὶ
296 1675 375 1713 τῶν
396 1672 566 1712 πολιτῶν
587 1668 708 1711 οὐδὲν
729 1669 870 1722 ἔχοιεν,·
901 1666 1014 1723 ἡμεῖς
1035 1669 1080 1711 δέ
1100 1686 1181 1711 που
1203 1671 1375 1724 εἴπομεν,
1408 1670 1432 1713 ὅ
1440 1688 1484 1713 τι
1513 1676 1663 1714 τοῦτο

221 1738 312 1794 μὲν
342 1731 390 1781 εἷ’
416 1756 512 1781 που
543 1740 867 1794 παραπίπτοι
898 1739 1136 1788 εἰσαῦθις
1167 1738 1495 1793 σκεψόμεθα,
1526 1744 1600 1781 νῦν
1621 1740 1663 1783 δὲ

123 1799 131 1810 ”
169 1817 171 1819 ’
221 1807 318 1858 τούς
348 1808 419 1862 μὲν
443 1806 625 1860 φύλακας
656 1807 838 1860 φύλακας
868 1812 1076 1861 ποιοῦμεν,
1108 1807 1180 1861 τήν
1211 1809 1254 1850 δὲ
1283 1808 1400 1851 πόλιν
1431 1807 1485 1859 οἷς
1515 1807 1594 1852 οἷοί
1622 1827 1663 1852 τε

219 1874 338 1933 εἶμεν,
369 1875 738 1931 εὐδαιμονεστάτην,
776 1874 854 1920 ἄλλ’
885 1875 960 1919 οὔκ
992 1878 1047 1927 εἰς
1073 1880 1120 1920 ἓν
1149 1878 1271 1928 ἔθνος
1300 1876 1592 1932 ἀποβλέποντες
1621 1879 1663 1921 ἐν

218 1945 321 2004 αὐτῇ
351 1951 468 1988 τοῦτο
500 1944 693 1998 εὔδαιμον
717 1945 962 1999 πλάττωμεν.
1011 1950 1122 1992 Quae
1151 1952 1278 1990 verba
1306 1951 1461 1989 duabus
1490 1952 1539 1990 de
1571 1964 1661 1990 cau-

220 2019 275 2059 sis
302 2020 469 2060 laudata
500 2022 594 2059 sunt
622 2018 869 2069 dignissima.
928 2018 1109 2058 Primum
1140 2019 1247 2059 enim
1279 2021 1387 2073 quod
1415 2019 1516 2059 dicit
1544 2021 1660 2060 Plato

216 2083 300 2129 iam
339 2092 458 2128 antea
496 2088 630 2141 (initio
661 2088 759 2128 libri
788 2088 939 2141 quarti)
978 2088 1022 2126 in
1062 2089 1230 2127 eandem
1267 2088 1417 2128 iterum
1455 2089 1660 2142 inquirere

184 2199 187 2202 ,
218 2171 305 2199 rem
333 2159 378 2199 in
408 2157 540 2198 animo
572 2172 613 2198 se
644 2158 833 2199 habuisse
861 2158 983 2211 idque
1013 2158 1150 2199 verbis
1179 2158 1390 2208 indicasse,
1419 2158 1514 2198 talis
1542 2158 1660 2211 polli-

187 2234 189 2236 ’
220 2228 423 2267 citationis
452 2228 496 2266 in
534 2228 639 2267 libro
671 2231 812 2280 quarto
843 2241 917 2266 nec
946 2230 1081 2268 volam
1109 2229 1295 2268 invenies
1325 2241 1400 2267 nec
1429 2228 1658 2278 vestigium.

217 2297 334 2351 Unde
364 2299 477 2349 patet
504 2295 595 2336 ideo
626 2299 784 2336 tantum
811 2297 912 2336 haec
930 2298 1057 2337 verba
1078 2297 1227 2349 scripta
1247 2311 1345 2346 esse,
1375 2299 1422 2336 ut
1451 2296 1500 2336 de
1522 2296 1659 2335 eadem

216 2379 263 2405 re
290 2365 440 2405 iterum
468 2369 640 2405 tractata
670 2380 711 2405 se
742 2367 987 2405 defenderet.
1034 2368 1170 2418 Atque
1201 2367 1308 2418 quod
1336 2369 1422 2404 tota
1441 2366 1517 2404 hac
1538 2379 1658 2416 expe-

217 2433 306 2474 dire
336 2434 475 2474 studeo
497 2433 770 2486 disputatione
790 2435 867 2474 hoc
888 2434 1039 2487 optime
1066 2437 1239 2474 testatur
1260 2435 1501 2486 exemplum,
1532 2433 1657 2472 dialo-

218 2516 313 2553 gum
330 2507 512 2543 nostrum
528 2503 693 2543 minime
715 2504 889 2554 speciem
918 2505 1024 2543 ferre
1046 2504 1177 2555 operis
1198 2503 1441 2554 politissima
1461 2506 1546 2541 arte
1567 2516 1657 2554 per-

202 2572 327 2623 jacti,
347 2573 418 2612 sed
438 2572 664 2625 disparibus
680 2573 871 2613 membris
887 2587 1029 2625 parum
1045 2575 1228 2612 accurate
1250 2571 1441 2621 congesti.
1483 2571 1560 2611 Sed
1580 2572 1657 2610 hoc

176 2628 378 2697 :quoque
407 2641 631 2681 necessario
664 2642 852 2691 efficitur,
881 2646 929 2681 ut
956 2643 1068 2681 locus
1098 2644 1235 2681 noster
1266 2655 1354 2680 cum
1385 2641 1508 2679 alium
1529 2640 1656 2691 respi-

178 2702 299 2758 mat
327 2714 467 2763 postea
494 2711 704 2760 insertum,
735 2711 890 2750 alienus
921 2710 975 2750 sit
1000 2725 1023 2749 a
1042 2710 1172 2763 prima
1202 2710 1352 2760 dialogi
1381 2709 1654 2761 discriptione.

181 2768 300 2839 ¹>:Qui
330 2793 420 2820 cum
448 2785 531 2820 tam
561 2784 670 2820 arcte
702 2782 914 2820 cohaereat
944 2794 1033 2819 cum
1062 2784 1148 2819 toto
1177 2780 1283 2820 libro
1315 2780 1469 2831 quinto,
1499 2782 1545 2817 ut
1574 2793 1656 2817 non
