1908 3226
788 205 1075 252 ..10-

201 325 227 360 η
258 308 351 348 αλλο
383 324 419 349 τι
451 307 596 359 ἔθνος,
628 306 704 350 σ’σα
734 312 851 367 κοινῇ
879 308 946 351 ἕπί
974 325 1011 350 τι
1041 309 1192 365 ἔρχεται
1222 308 1396 362 ἀδίκως,
1426 312 1572 367 πρᾶξαι
1601 297 1654 355 αν

201 393 237 418 τι
280 374 500 426 δύνασθαι,
543 378 579 419 εἰ
613 376 795 421 ἀδικοῖεν
833 376 1043 432 ἀλλήλουςς
1094 376 1155 421 Ού
1192 381 1304 433 δῆτα.
1371 382 1418 422 Τι’
1458 379 1502 423 δὲ
1532 381 1569 422 εἰ
1595 379 1651 434 μὴ

201 444 405 496 ἆδικοῖενς
437 446 486 487 οὐ
510 451 677 500 μᾶλλονς
715 444 833 487 Πάνυ
855 462 905 502 γε.
954 446 1165 496 Στάσεις
1194 446 1281 529 γάρ
1313 465 1432 499 που,
1466 466 1495 491 ω
1528 450 1652 505 Θρα-

199 512 405 568 σύμαχε,
438 513 465 567 η’
489 532 539 569 γε
570 514 747 557 ἆδικία
778 516 857 557 καὶ
892 517 1005 569 μίση
1037 516 1117 558 καὶ
1148 515 1303 571 μάχας
1333 517 1384 558 ἐν
1413 515 1652 571 ἀλλήλοις

198 584 427 636 παρέχει,
471 582 498 637 ἦ
528 584 577 625 δὲ
608 585 918 666 δικαιοσύνη
960 582 1215 638 ομόνοιαν
1253 586 1332 627 καὶ
1377 589 1562 637 φιλίαν.
1622 574 1680 669 ἦ(

197 651 297 707 γάρ,·
333 651 478 703 ’Έστω,
510 647 537 706 ἦ
568 650 601 694 δ’
632 652 691 703 ὅς,
722 655 790 695 ἵνα
820 668 884 695 σοι
915 653 970 707 μή
1001 655 1266 708 διαφέρωμαι.
1326 652 1424 696 Ἀλλ’
1454 670 1499 696 ευ
1529 671 1570 711 γε
1601 653 1650 697 συ

197 725 345 773 ποιῶν,
390 715 422 764 ὦ
453 719 597 777 ὄὶριστε.
659 722 749 766 τόδε
780 723 824 765 δέ
854 740 922 777 μοι
951 724 1054 778 λέγε·
1100 717 1196 778 ἆρα
1234 724 1280 766 εἰ
1305 727 1460 767 τοῦτο
1498 725 1651 780 ἔργον

198 790 431 841 ἀδικίας,
462 797 613 845 μῖσος
642 794 879 845 ἐμποιεῖν
910 791 1039 834 ὅπου
1070 790 1127 833 ἂν
1157 794 1270 850 ἐνῇ,
1303 791 1352 835 ού
1377 794 1446 835 καὶ
1477 794 1519 836 ἐν
1545 794 1650 836 ἐλευ-

197 860 338 915 θέροις
368 876 408 902 τε
439 862 506 902 καὶ
530 859 689 911 δούλοις
720 861 974 917 ἐγγιγνομένη
1005 866 1133 914 μισεῖν
1163 860 1319 915 ποιήσει
1350 860 1547 916 ἀλλήλους
1580 864 1650 905 καὶ

199 927 420 980 στασιάζειν
460 930 525 971 καὶ
566 928 793 978 ἀδυνάτους
833 927 935 971 εἶναι
974 934 1090 987 κοινῇ
1122 928 1202 983 μετ’
1232 930 1410 984 ἀλλήλων
1440 929 1649 986 πράττεινς

205 995 326 1038 Πάνυ
357 1013 409 1052 γε.
480 999 526 1038 Τί
556 998 619 1048 δέ,·
663 995 714 1040 ἂν
751 998 792 1039 ἐν
823 999 938 1039 δυοῖν
980 998 1203 1054 ἐγγένηται,
1248 997 1297 1041 οὖ
1331 1001 1550 1041 διοίσονται
1580 999 1647 1042 καὶ

198 1064 412 1119 μισήσουσι
453 1067 520 1108 καὶ
560 1068 698 1121 ἐχθροι
739 1068 896 1109 ε’σονται
934 1065 1114 1120 αλλήλοις
1152 1084 1190 1109 τε
1219 1069 1289 1110 καὶ
1330 1074 1416 1118 τοῖς
1454 1071 1646 1120 δικαίοις,·

187 1134 387 1186 ’Ἑσονται,
419 1137 509 1218 ἔφη.
568 1133 662 1177 Ἐοὶν
692 1136 734 1177 δὲ
760 1135 823 1189 δή,
858 1154 888 1177 ω
914 1136 1132 1189 θαυμάσιε,
1169 1138 1211 1179 ἕν
1241 1138 1298 1179 ἑνὶ
1331 1138 1535 1193 ἐγγένηται
1564 1135 1650 1180 ἄδι-

195 1206 284 1255 κία,
327 1208 413 1257 μῶν
443 1203 497 1258 μή
530 1204 674 1247 απολεῖ
701 1203 772 1258 τὴν
803 1203 929 1258 αὑτῆς
959 1204 1151 1257 δύναμιν,
1192 1205 1220 1259 ἢ
1251 1204 1368 1248 οὐδὲν
1399 1201 1519 1260 ἧττον
1549 1207 1647 1257 ἕξεις

197 1273 341 1324 Μηδὲν
362 1268 482 1326 ἧττον
504 1274 635 1326 ἐχέτω,
667 1275 758 1327 ἔφη.
825 1274 988 1315 Οὐκοῦν
1010 1274 1166 1315 τοιάνδε
1187 1273 1276 1315 τινοὶ
1298 1277 1482 1326 φαίνεται
1504 1276 1648 1328 ἔχουσα

196 1340 268 1395 τήν
300 1340 491 1395 δύναμιν,
525 1343 637 1392 οἵαν,
671 1336 703 1400 ᾧ
734 1340 783 1384 ἂν
815 1343 1041 1398 ἐγγένηται,
1086 1344 1161 1385 εἴτε
1192 1341 1304 1385 πόλει
1335 1344 1411 1385 τινὶ
1442 1344 1516 1385 εἴτε
1547 1344 1648 1398 γένει

197 1412 272 1452 εἴτε
303 1411 557 1468 στρατοπέδῳ
581 1412 662 1452 εἴτε
688 1409 788 1467 ἄλλῳ
822 1410 990 1468 ὅτῳουν,
1023 1415 1182 1466 πρῶτον
1213 1411 1283 1464 μὲν
1313 1411 1516 1453 ἀδύνατον
1546 1409 1645 1453 αὖτό

194 1484 325 1520 ποιεῖν
355 1478 542 1535 πράττειν
573 1478 665 1532 μεθ’
688 1478 815 1522 αὐτοῦ
846 1479 913 1522 διᾶ
943 1479 986 1522 td
1012 1479 1228 1532 στασιάζειν
1259 1481 1327 1522 καὶ
1360 1480 1643 1534 διαφέρεσθαι,

195 1549 250 1590 ἔτι
282 1547 317 1588 δ’
348 1547 497 1602 ἐχθρόν
528 1547 627 1590 εἶναι
660 1549 789 1605 ἐαυτῷ
819 1546 863 1590 vo*
895 1550 963 1590 καὶ
990 1553 1045 1605 τῷ
1068 1550 1232 1606 ἐναντίῳ
1264 1550 1379 1590 παντὶ
1413 1550 1562 1605 καὶτῷ
1588 1551 1644 1590 δι-

193 1620 316 1673 καίῳ,
357 1615 428 1670 οὐχ
460 1616 610 1668 οὕτωςς
661 1617 781 1659 Πάνυ
811 1634 863 1671 γε.
928 1618 1007 1658 Καὶ
1040 1619 1082 1659 ἐν
1114 1618 1170 1659 ἓνὶ
1202 1618 1276 1670 δή,
1320 1614 1455 1669 οἶμαι,
1499 1617 1645 1658 ἐνοῦσα

193 1690 319 1726 ταῦτα
356 1685 488 1728 πάντα
519 1684 699 1739 ποιήσει,
742 1684 844 1739 ἅπερ
885 1686 1066 1738 πέφυκεν
1108 1684 1407 1742 ἐξεργάζεσθαι;
1451 1688 1646 1740 πρῶτον

194 1755 279 1809 μὲν
310 1754 569 1798 ἀδύνατον
600 1754 759 1797 αὐτόν
791 1753 1038 1810 πράττειν
1069 1753 1273 1808 ποιήσει
1308 1753 1644 1805 στασιάζοντα

193 1824 279 1866 καὶ
311 1823 397 1878 οὐχ
428 1821 722 1878 ὁμονοῦντα
762 1822 917 1866 αὐτόν
948 1824 1126 1881 ἑαυτῷ,
1170 1825 1304 1866 ἔπειτα
1334 1824 1411 1866 κτὲ.
1472 1826 1645 1869 Quibus-

193 1909 281 1935 cum
313 1895 528 1947 compoqas
559 1895 827 1947 Clitophontis
858 1909 894 1947 p.
919 1898 1000 1935 409
1017 1896 1062 1935 d:
1094 1925 1102 1933 .
1122 1924 1129 1933 .
1149 1924 1157 1933 .
1182 1890 1243 1934 ὅτι
1273 1889 1378 1935 τοῦτ’
1409 1893 1469 1946 εἴη
1500 1888 1543 1935 τὸ
1575 1894 1645 1945 τῆς

196 1960 454 2014 δικαιοσύνης
484 1964 588 2003 ἴδιον
619 1962 755 2016 ἔργον,
788 1963 925 2012 φιλίαν
957 1962 998 2002 ἔν
1029 1966 1111 2009 τοῖς
1143 1959 1279 2002 πόλεσι
1311 1966 1441 2002 ποιεῖν
1471 1994 1479 2002 .
1501 1993 1508 2002 .
1530 1992 1539 2001 .
1570 1957 1643 2013 τὴν

194 2029 236 2070 δὲ
260 2027 386 2077 ὅντως
417 2030 483 2069 καὶ
516 2028 684 2081 ἀληθῶς
713 2030 851 2081 φιλίαν
882 2025 982 2069 εἷναι
1012 2029 1238 2080 σαφέστατα
1262 2025 1454 2082 ὁμόνοιαν
1478 2060 1486 2070 .
1507 2061 1543 2071 ..
1571 2025 1644 2082 τήν

195 2097 237 2140 δὲ
269 2101 407 2147 φιλίαν
448 2096 606 2154 α’γαθὸν
648 2096 893 2152 ὦμολογήκει
936 2096 1096 2146 πάντως
1135 2095 1237 2139 εἶναι
1276 2098 1344 2139 καὶ
1385 2095 1644 2150 δικαιοσύνης

193 2167 310 2222 ἔργον
342 2199 349 2207 .
374 2199 381 2207 .
406 2199 414 2208 .
477 2170 589 2212 Quae
621 2170 654 2209 si
694 2170 928 2209 brevissime
968 2173 1158 2221 excerpta
1188 2173 1309 2222 atque
1340 2173 1530 2220 congesta
1558 2181 1644 2209 esse
1685 2167 1687 2169 ’

193 2253 215 2279 e
245 2240 426 2290 longiore
467 2240 739 2291 disputatione
777 2239 1045 2290 reputaveris,
1088 2239 1333 2278 simillimum
1370 2239 1493 2278 fuisse
1524 2251 1643 2291 quem

192 2314 345 2359 spectat
375 2309 561 2360 Clitopho
593 2309 739 2347 librum
770 2313 891 2361 atque
922 2307 1103 2348 Platonis
1133 2308 1263 2363 locum
1293 2307 1494 2347 laudatum
1526 2306 1644 2347 facile

192 2380 396 2417 concedes
459 2381 593 2430 Atque
625 2379 672 2416 de
704 2378 820 2416 titulo
852 2390 1012 2430 quoque
1043 2377 1135 2415 libri
1168 2376 1425 2416 Antisthenei
1455 2375 1644 2427 certiores

191 2447 278 2485 fieri
309 2460 531 2497 possumus,
565 2460 652 2486 oum
685 2443 772 2497 περὶ
806 2441 1064 2496 δικαιοσύνης
1092 2442 1157 2483 καὶ
1192 2439 1376 2498 ἀνδρείας
1405 2448 1487 2485 tres
1517 2444 1642 2484 libros

189 2517 302 2555 illum
330 2516 598 2567 composuisse
619 2516 822 2566 Diogenes
847 2516 978 2555 tradat
996 2515 1045 2565 1),
1077 2528 1098 2553 e
1121 2515 1267 2568 quibus
1289 2515 1385 2566 quin
1409 2515 1644 2564 deprompta

191 2586 272 2624 sint
302 2585 571 2635 Clitophontis
602 2586 745 2632 verba,
790 2597 871 2622 non
903 2583 1053 2622 dubito.
1115 2583 1230 2625 Quod
1263 2583 1295 2621 si
1325 2586 1434 2622 reete
1465 2582 1642 2633 disputa-

190 2654 339 2702 vimus,
381 2654 459 2692 alia
497 2654 633 2693 evadit
672 2654 898 2693 difficultas.
959 2653 1066 2692 Fieri
1105 2666 1185 2692 non
1225 2653 1403 2703 potuisse
1443 2651 1641 2705 quispiam
1677 2675 1686 2678 —

286 2799 318 2845 1)
344 2801 394 2833 vl
422 2803 451 2841 1,
479 2803 509 2833 9.
