1908 3221
829 307 886 314 -
948 282 1117 334 11,-

123 366 155 403 ‘⁷³
183 416 190 420 Α
247 387 411 437 dixerit,
443 388 541 441 quin
570 390 749 428 nostrum
780 388 961 429 Platonis
990 388 1121 428 locum
1151 388 1347 427 indicaret
1377 386 1577 438 Clitopho,
1611 399 1699 425 cum

177 456 191 468 ⁸
212 469 222 486 1
251 458 300 497 de
321 469 441 508 opere
470 457 646 497 iustitiae
666 459 790 497 verba
809 458 970 497 faceret.
1031 459 1173 510 Itaque
1205 470 1295 496 eum
1325 459 1395 496 aut
1424 469 1506 495 non
1536 455 1698 495 novisse

218 531 222 535 '
252 526 552 577 Rempublicam
574 526 754 565 Platonis
784 531 853 565 aut
880 527 1133 575 neglegentia
1155 527 1299 566 factum
1326 539 1422 574 esse,
1456 528 1500 563 ut
1522 528 1700 575 apertam

251 593 361 633 illius
383 594 690 645 disputationem
715 596 762 633 de
785 607 904 646 opere
933 596 1110 634 iustitiae
1140 595 1316 634 habitam
1348 594 1698 645 praetermitteret.

251 662 363 706 Quae
384 663 652 702 dubitationes
682 664 807 714 ipsius
830 664 1009 702 Platonis
1029 665 1163 703 verbis
1186 664 1334 714 optime
1365 665 1535 713 possunt
1555 662 1699 701 refelli.

249 732 353 772 Nam
394 745 483 772 cum
514 732 611 772 dicit
641 733 777 773 Plato:
820 728 1023 771 ἀδύνατον
1065 727 1187 771 αὐτόν
1231 727 1416 784 πράττειν
1457 728 1615 781 ποιήσει
1656 725 1699 782 (ἦ

253 796 406 854 οἷδικία)
430 797 765 849 στασιάζοντα
786 799 871 840 καὶ
893 797 985 852 οὐχ
1007 796 1328 851 ὁμονοοῦντα
1353 797 1504 839 αὐτὸν
1526 798 1699 853 ἑαυτῷ,

253 872 353 920 haec
382 872 507 911 verba
545 871 602 910 nil
632 871 709 910 nisi
741 876 949 911 externam
989 872 1164 910 afferunt
1201 883 1375 919 eausam,
1420 884 1490 909 cur
1530 870 1702 909 iniustus

250 940 319 979 ille
347 940 478 979 facere
506 944 700 992 nequeat:
741 953 830 978 cum
861 953 884 978 a
914 953 955 978 se
986 941 1073 990 ipso
1113 940 1340 987 dissentiat,
1384 943 1535 977 rectum
1578 943 1699 990 atque

251 1009 461 1049 honestum
493 1022 573 1047 non
605 1007 840 1062 assequitur.
902 1009 1013 1047 Idem
1035 1008 1159 1059 igitur
1180 1008 1430 1048 enuntiatum
1456 1008 1560 1061 quod
1583 1011 1701 1046 antea

252 1078 350 1131 (351
370 1079 409 1127 d)
441 1075 565 1135 (ἔργον
596 1072 767 1123 ἆδικίας’
797 1078 994 1117 continet:
1026 1079 1140 1126 μῖσος
1171 1075 1362 1126 ἐμποιεῖν,
1397 1071 1504 1114 ὅπου
1535 1071 1585 1114 ἂν
1615 1074 1699 1130 ἐνῇ,

250 1147 316 1186 hic
347 1159 597 1199 nequaquam
629 1159 728 1197 opus
758 1145 934 1185 iustitiae
964 1146 1161 1195 indicare,
1205 1147 1272 1185 sed
1305 1159 1383 1199 qua
1414 1146 1461 1184 de
1492 1158 1609 1185 causa
1638 1146 1698 1184 in-

250 1216 346 1255 iusti
383 1216 482 1256 fiant
513 1217 695 1255 homines
734 1218 923 1266 expedire
962 1217 1101 1255 elucet.
1163 1217 1290 1258 Quam
1321 1217 1530 1255 notionum
1562 1217 1698 1254 confu-

252 1285 403 1324 sionem
433 1297 535 1333 nego
566 1285 774 1323 Platonem
805 1285 1103 1323 commissurum
1133 1285 1267 1332 fuisse,
1300 1285 1332 1322 si
1354 1284 1534 1323 conscius
1556 1284 1699 1323 fuisset

251 1353 521 1403 GlitQphontis
559 1353 606 1391 de
643 1366 762 1404 opere
801 1353 977 1393 iustitiae
1014 1353 1340 1402 interrogationis
1377 1354 1434 1392 ita
1472 1357 1517 1392 ut
1552 1353 1698 1392 iterum

187 1437 191 1440 ·
251 1422 506 1462 confirmetur
536 1422 726 1472 scriptum
748 1434 833 1460 esse
855 1422 1149 1472 Clitophontem
1182 1426 1273 1472 post
1298 1422 1466 1473 primum
1490 1421 1698 1473 Reipubli-

252 1504 319 1531 cae
351 1490 530 1530 Platonis
559 1490 717 1529 librum.

364 1560 449 1599 Iam
480 1560 696 1610 perspicies
728 1573 796 1598 cur
824 1574 905 1598 non
936 1560 1041 1599 hune
1072 1560 1251 1598 Platonis
1282 1560 1410 1598 locum
1442 1560 1585 1597 afferat
1616 1559 1694 1597 Cli-

250 1630 394 1678 topho‚
424 1628 494 1666 ubi
524 1628 699 1667 indicare
728 1629 816 1667 vult
847 1628 1074 1667 Platonem:
1117 1630 1253 1667 eadem
1285 1628 1393 1666 enim
1424 1628 1604 1666 definitio
1635 1628 1696 1665 iu-

251 1696 382 1736 stitiae
413 1709 497 1736 esse
527 1695 674 1753 ‘maliem
704 1694 745 1736 ἐν
774 1699 860 1743 ταῖς
890 1692 1024 1736 πόλεσι
1054 1692 1193 1735 ποιεῖν’
1222 1698 1300 1736 iam
1332 1699 1381 1735 ad
1412 1698 1696 1736 Antisthenem

251 1765 555 1815 significandum
593 1769 803 1817 praerepta
843 1769 939 1806 erat.
1000 1768 1133 1818 Atque
1165 1766 1388 1806 sufficiebat
1417 1767 1577 1805 laudare
1607 1768 1697 1805 Pla-

250 1835 358 1874 tonis
396 1835 494 1873 illud
534 1835 737 1885 egregium
776 1836 1008 1876 inventum:
1051 1830 1218 1884 βλάπτει
1259 1832 1449 1873 οὐδέποτε
1488 1830 1512 1873 ὁ
1543 1835 1698 1881 δίκαιος

251 1897 395 1942 οὐδένα
427 1902 531 1955 (Glit.
559 1904 702 1953 410b;
744 1904 792 1943 de
821 1917 904 1955 rep.
937 1907 1017 1943 335
1035 1904 1076 1955 d)
1118 1907 1163 1944 ut
1194 1904 1364 1957 quilibet
1393 1903 1506 1943 illum
1538 1908 1695 1945 tantum

250 1972 423 2021 intelligi
454 1972 708 2022 perspiceret.

365 2039 442 2077 Sed
479 2040 528 2078 de
559 2040 799 2080 Antisthene
840 2041 1042 2080 hactenus.
1104 2042 1262 2090 Restat,
1307 2044 1351 2080 ut
1382 2041 1429 2080 de
1460 2041 1580 2081 tertio
1612 2041 1693 2090 illo,

251 2120 368 2160 quem
407 2108 592 2159 Glitopho
630 2112 735 2149 tecte
775 2110 974 2159 significat
1011 2110 1112 2161 (409
1130 2110 1167 2160 a)
1210 2110 1457 2149 disseramus.
1517 2111 1577 2148 De
1616 2124 1695 2162 quo

246 2176 400 2216 lubrica
420 2181 481 2217 est
501 2177 692 2230 quaestio,
726 2191 815 2218 cum
837 2179 1008 2229 vestigia
1032 2178 1118 2219 eius
1148 2193 1228 2218 non
1260 2179 1355 2219 satis
1382 2192 1571 2230 expressa
1602 2179 1693 2228 sint,

248 2249 294 2285 ut
323 2246 506 2300 quisnam
535 2247 667 2295 fuerit,
699 2248 825 2297 possit
854 2248 1078 2288 diiudicari:
1107 2243 1152 2286 ‘O
1175 2244 1225 2298 ὀὴ
1247 2247 1378 2287 δοκῶν
1410 2245 1544 2286 αὐτῶν
1576 2247 1696 2299 ἐρρω-

250 2312 481 2364 μενέστατος
504 2309 605 2354 εἶναι
635 2311 738 2367 πρὸς
760 2317 884 2354 ταῦτα
914 2312 1232 2368 ἀποκρινόμενος
1257 2311 1341 2355 εἷπε
1365 2332 1432 2366 μοι
1456 2312 1602 2367 ταύτην
1625 2314 1696 2367 τὴν

199 2425 202 2428 ,
247 2379 382 2433 τέχνην
413 2378 527 2430 εἶναι,
558 2379 683 2435 ἤνπερ
716 2379 875 2430 ἀκούεις
898 2396 946 2422 συ
969 2383 1165 2437 λέγοντος,
1198 2383 1290 2435 ἔφη,
1324 2381 1586 2438 Σωκράτους,
1618 2380 1694 2424 οὐκ

248 2446 368 2502 ἄλλην
397 2446 425 2503 ἢ
454 2447 712 2503 δικαιοσύνην
744 2483 752 2492 .
776 2484 783 2491 .
808 2483 816 2491 .
848 2447 891 2491 τό
925 2447 958 2491 δ’
991 2450 1146 2507 ἕτερον,
1190 2449 1213 2493 ὃ
1245 2450 1411 2493 δύναται
1442 2458 1570 2494 ποιεῖν
1600 2449 1695 2506 ἡμῖν

249 2518 365 2574 ἔργον
395 2516 419 2559 ὅ
450 2520 625 2567 δίκαιος,
658 2522 695 2560 τί
723 2517 842 2560 τοῦτό
874 2536 1026 2572 φαμεν,
1061 2520 1155 2561 εἰπέ.
1217 2514 1334 2569 οὗτος
1366 2521 1450 2572 μέν,
1484 2518 1537 2569 ὥς
1569 2518 1693 2573 οἶμαι,

247 2584 292 2629 τό
323 2587 532 2641 συμφέρον
569 2586 822 2641 ἀπεκρίνατο.
884 2590 994 2632 Quae
1033 2591 1156 2639 igitur
1187 2592 1234 2629 de
1265 2592 1351 2631 eius
1382 2593 1562 2632 doctrina
1591 2606 1694 2632 com-

195 2682 197 2684 >
246 2658 433 2710 perimus,
465 2663 558 2698 sunt
586 2660 669 2698 fere
700 2661 817 2700 haec:
848 2665 971 2700 artem
1005 2674 1106 2713 quae
1136 2662 1185 2699 ad
1217 2662 1371 2699 animae
1402 2663 1590 2701 virtutem
1622 2676 1695 2700 nos

245 2728 448 2778 producat,
481 2741 566 2766 esse
596 2728 800 2775 iustitiam,
832 2731 997 2780 eiusque
1030 2742 1129 2779 opus
1159 2729 1199 2767 id
1231 2731 1335 2782 quod
1366 2730 1464 2768 utile
1495 2731 1556 2769 sit.
1617 2731 1695 2769 Sed

245 2795 325 2839 iam
350 2795 530 2836 Socrates
559 2796 645 2847 ipse
675 2796 867 2837 iustitiam
898 2801 1037 2848 utpote
1069 2813 1260 2837 summam
1286 2800 1474 2838 virtutem
1505 2813 1576 2849 pro
1607 2800 1696 2851 ipsa

246 2864 395 2905 virtute
435 2865 662 2917 usurpavit,
707 2867 812 2919 quod
843 2869 883 2907 et
913 2866 1026 2907 Plato
1067 2870 1107 2907 et
1136 2867 1281 2922 reliqui
1322 2868 1407 2908 eius
1438 2868 1622 2921 discipuli
1652 2870 1695 2910 in
