1908 3226
781 195 1067 238 —26—

198 298 271 336 hos
301 298 445 346 libros,
477 310 631 337 mecum
661 299 823 348 statuis,
856 300 940 340 sive
971 300 1089 340 aliam
1117 299 1295 339 indicare
1325 301 1439 350 potes
1468 286 1683 348 causantis]-

197 367 274 406 hoc
304 368 442 416 negari
480 381 561 407 non
591 370 725 418 potest
754 368 906 408 aheneo
944 369 1069 408 libros
1097 369 1284 408 II—VII
1312 369 1419 408 inter
1447 381 1489 408 se
1518 360 1676 421 nexos}

199 448 285 474 esse
325 437 499 475 vinculo.
560 437 721 476 Dixerit
760 438 866 476 enim
906 438 1103 491 quispiam
1144 450 1215 477 sua
1253 443 1395 488 sponte
1433 434 1678 492 Platonem-3.

198 518 502 556 progressurum
540 506 665 547 fuisse
706 506 747 546 in
780 507 854 548 hac
884 507 1192 559 philosophandi
1224 508 1271 547 de
1302 507 1456 547 iustitia
1484 507 1551 548 via
1578 498 1645 548 vel
1726 552 1734 556 ,y

198 575 351 612 etiamsi
383 586 462 613 non
495 575 626 614 editus
657 580 761 615 esset
792 576 995 627 Clitopho,
1037 577 1142 615 idem
1174 576 1279 630 quod
1309 578 1475 616 vocatur
1503 574 1653 616 inven-

198 646 332 681 turum
367 643 491 682 fuisse
532 643 712 684 iustitiae
751 659 863 696 opus.
926 646 1036 693 Quod
1077 659 1315 698 quamquam
1353 645 1451 683 mihi
1490 645 1646 686 obverti
1695 632 1741 697 2]ss

197 716 342 760 potest,
374 717 507 750 tamen
539 714 651 764 quasi
682 727 802 751 unum
836 727 979 764 corpus
1010 727 1096 752 esse
1127 715 1194 769 (de
1218 715 1362 766 quibus
1386 713 1492 764 dico)
1521 713 1666 765 libros?
1697 701 1711 708 ⁸-

196 778 289 819 illos
320 794 343 819 a
363 780 547 821 Krohnio
579 782 779 821 seiunctos
808 782 935 822 cuivis
966 783 1043 822 erit
1071 783 1376 831 concedendum,
1408 782 1477 835 qui
1509 795 1644 836 quem-
1686 808 1689 814 ·

197 850 408 888 admodum
439 850 642 890 coniuncti
671 854 791 904 atque
823 851 996 902 copulati
1028 852 1118 900 sint,
1151 852 1299 902 optime
1328 851 1415 902 ipse
1445 850 1646 901 significat
1727 861 1740 888 -ῖ

198 918 315 958 Plato
347 933 384 971 p.
409 922 490 957 366
508 932 550 969 e,
585 919 664 958 367
681 921 726 968 b,
749 933 782 959 e.
842 920 934 959 Non
966 920 1072 959 enim
1111 920 1207 974 quid
1246 920 1298 964 sit
1333 919 1487 959 iustitia
1524 923 1645 977 atque

197 987 398 1027 iniustitia
414 987 700 1040 explanaturus
715 992 788 1038 est,
810 990 878 1029 sed
899 1004 978 1042 quo
1001 993 1192 1041 spectent,
1215 1003 1292 1042 quo
1311 989 1490 1029 tendant.
1532 988 1644 1037 Quod

202 1070 289 1094 cum
321 1057 392 1095 fiat
422 1058 580 1096 demum
609 1058 652 1095 in
682 1058 785 1097 libro
807 1058 866 1097 VI
886 1063 927 1098 et
949 1058 1039 1107 VII,
1070 1058 1187 1097 initio
1210 1060 1341 1097 autem
1364 1057 1645 1109 disputationis
1677 1047 1681 1049 ‚

198 1125 347 1176 apertis
376 1126 575 1166 indicetur
603 1127 756 1175 verbis,
800 1128 847 1166 de
877 1128 954 1167 hac
982 1127 1174 1166 librorum
1204 1126 1363 1165 illorum
1394 1126 1663 1198 seiunctione.

199 1197 329 1232 actum
362 1199 435 1233 est.

314 1266 369 1301 At
390 1263 613 1313 Platonem,
640 1265 733 1302 dum
754 1264 958 1313 scriberet,
980 1267 1153 1304 mutasse
1174 1264 1271 1302 dicit
1290 1263 1495 1303 Krohnius
1516 1263 1645 1303 consi-

197 1331 293 1368 lium
316 1332 460 1369 iterum
480 1332 707 1385 iterumque
730 1333 970 1379 indicatum3
1002 1333 1108 1386 quod
1129 1332 1235 1370 enim
1258 1331 1430 1382 primum
1449 1331 1643 1371 iustitiam

198 1399 517 1453 iniustitiamque
546 1402 591 1440 in
617 1403 754 1440 eadem
784 1402 990 1452 republica
1019 1401 1194 1441 inveniri
1225 1413 1341 1451 posse
1362 1401 1477 1448 dicat,
1507 1403 1646 1450 postea

198 1472 244 1508 ut
264 1469 461 1509 iniustitia
481 1473 672 1521 appareat
690 1470 834 1509 malam
855 1470 1100 1510 condendam
1121 1482 1206 1508 esse
1228 1469 1441 1518 civitatem,
1472 1468 1644 1521 denique

198 1552 248 1577 ne
278 1539 354 1578 hoc
392 1538 553 1592 quidem
587 1540 727 1588 faciat,
771 1541 841 1580 sed
877 1541 926 1579 de
956 1540 1227 1590 compluribus
1266 1541 1442 1589 exponat
1479 1538 1644 1576 urbibus
1680 1547 1683 1551 ’

198 1607 300 1647 male
329 1608 629 1657 administratis,
660 1608 749 1648 luce
771 1609 914 1649 clarius
935 1610 1206 1648 demonstrare
1229 1608 1328 1647 haec
1348 1605 1514 1646 consilia
1535 1605 1644 1644 dein-

200 1690 291 1727 ceps
320 1677 363 1715 in
385 1681 519 1717 mente
549 1679 754 1730 scriptoris
784 1678 929 1717 sensim
959 1690 1044 1717 esse
1068 1681 1174 1715 nata.
1241 1677 1449 1715 Videamus
1470 1675 1567 1728 quid
1585 1673 1645 1713 rei

199 1745 262 1785 sit.
325 1745 431 1788 Quid
470 1747 523 1787 sit
561 1747 849 1800 inquisiturus,
894 1747 1067 1798 primum
1108 1745 1222 1785 Plato
1265 1745 1433 1794 exponit
1474 1744 1521 1782 de
1560 1755 1643 1794 rep.

198 1828 237 1866 p.
261 1818 342 1854 369
357 1828 398 1855 a:
428 1805 491 1868 ἆρ’
522 1806 614 1862 οὖν,
645 1806 696 1867 ἦν
727 1810 761 1854 δ’
792 1809 883 1868 ἐγώ,
915 1812 950 1853 εἰ
978 1811 1214 1867 γιγνομένην
1244 1809 1360 1851 πόλιν
1389 1811 1642 1862 θεασαίμεθα

197 1884 252 1937 τῷ
274 1879 394 1938 λόγῳ,
427 1881 496 1922 καὶ
518 1879 591 1935 τὴν
611 1879 872 1934 δικαιοσύνην
902 1879 1027 1934 αὐτῆς
1056 1882 1209 1933 ἴδοιμεν
1239 1876 1287 1920 ἂν
1311 1878 1545 1934 γιγνομένην
1576 1877 1661 1923 uui,

199 1948 269 2002 τὴν
292 1948 474 2001 ἀδικίης
514 1947 604 2004 Ταχ’
628 1944 749 2002 ἅν,ῗ
722 1968 749 2004 η
798 1948 889 1999 ’ὃς
956 1948 1118 1992 Οὐκοῦν
1147 1948 1362 2005 γενομένου
1385 1943 1511 1988 αὐτοῦ
1534 1945 1644 1994 ἐλπὶς

200 2018 480 2073 εὐπετέστερον
502 2019 636 2061 ἰδεῖν“
622 2036 643 2061 ο
665 2022 876 2072 ζητοῦμενς
911 2018 1025 2060 Πολύ
1047 2034 1100 2073 γε.
1159 2019 1360 2059 Iustitiam
1379 2018 1503 2068 igitur
1522 2020 1645 2070 atque

198 2090 436 2129 iniustitiam
465 2090 510 2129 in
536 2091 705 2130 eadem
735 2090 940 2131 inventuri
961 2103 1095 2130 sumus
1116 2102 1160 2129 re
1182 2088 1354 2141 publica,
1385 2098 1477 2126 nam
1497 2077 1644 2144 ιαὐτοῖς’

200 2173 288 2198 cum
319 2160 445 2207 dicat,
485 2161 561 2199 hac
591 2161 639 2198 de
669 2173 712 2198 re
744 2159 917 2199 dubitari
956 2173 1038 2198 non
1065 2159 1145 2197 iam
1173 2160 1316 2210 potest.
1376 2157 1449 2196 Cui
1478 2153 1644 2195 oonsilio

199 2228 348 2279 optime
377 2230 624 2280 respondent
652 2242 754 2283 quae
783 2228 952 2280 legimus
980 2240 1018 2279 p.
1041 2228 1181 2267 427d.
1223 2221 1423 2281 ᾠκισμένη
1464 2219 1535 2274 μὲν
1567 2220 1644 2262 τοί·

199 2312 286 2344 νυν,
319 2296 370 2347 ἠν
399 2293 434 2335 δ’
465 2294 564 2349 ἐγώ,
596 2293 675 2348 ἤδη
708 2292 756 2335 ἄν
786 2309 851 2335 σοι
881 2296 955 2345 εἴη,
989 2311 1019 2334 ω
1052 2300 1129 2334 παῖ
1154 2291 1411 2347 Ἀρίστωνος,
1456 2288 1481 2341 ἦ
1510 2290 1643 2337 πόλις·

199 2360 242 2406 τό
275 2362 318 2404 δὲ
349 2361 399 2416 δὴ
427 2379 524 2417 μετα
563 2366 681 2406 τοῦτο
714 2361 854 2405 σκόπει
891 2362 932 2404 ἐν
964 2359 1066 2420 αὐτῇ
1098 2365 1188 2413 φῶς
1217 2359 1347 2403 ποθὲν
1377 2356 1645 2414 πορισάμενος

199 2430 339 2473 ἱκανόν
379 2431 501 2481 αὐτός
532 2449 570 2474 τε
607 2433 676 2474 καὶ
715 2430 785 2473 τόν
815 2429 990 2483 α’δελφὸν
1028 2430 1248 2485 παρακάλει
1285 2429 1354 2470 καὶ
1387 2427 1675 2481 Πολέμαρχον,
1723 2425 1729 2449 3

199 2503 268 2543 καὶ
299 2498 392 2551 τούς
422 2498 582 2552 ἄλλους,
626 2499 695 2543 ἐάν
727 2518 811 2551 πως
842 2501 1009 2554 ἴδωμεν,
1052 2503 1150 2542 ποῦ
1187 2494 1292 2541 ποτ’
1323 2494 1378 2540 ὃν
1409 2497 1482 2549 εἴη
1511 2492 1539 2550 ἦ
1568 2496 1645 2541 δι·

199 2569 445 2625 καιοσύνη
484 2572 571 2612 καὶ
611 2576 707 2613 ποῦ
747 2569 774 2624 ἦ
809 2571 988 2612 ἀδικία
1025 2570 1093 2610 καὶ
1124 2571 1160 2609 τί
1190 2565 1374 2620 ἀλλήλοιν
1412 2565 1648 2621 διαφέρετον

199 2641 266 2682 καὶ
298 2640 468 2695 πότερον
499 2642 562 2682 δεῖ
588 2644 808 2693 κεκτῆσθαι
848 2637 918 2681 τόν
948 2638 1133 2692 μέλλοντα
1163 2635 1381 2689 εὐδαίμονα
1412 2631 1533 2686 εἶναι,
1573 2628 1682 2677 ’ἒᾶὖ’“

201 2726 241 2752 τε
270 2708 454 2768 λανθάνῃ
494 2708 564 2752 ἐάν
594 2725 634 2751 τε
664 2708 719 2763 μή
752 2708 903 2757 πάντας
941 2706 1066 2757 θεούς
1101 2723 1141 2748 τε
1176 2706 1244 2748 καὶ
1280 2703 1543 2762 ἀνθρώπους.
1602 2701 1681 2753 δῖ’

200 2782 307 2822 enim
338 2782 520 2823 Socrates
549 2784 732 2823 hortatur
763 2782 1006 2821 Glauconem
1034 2784 1075 2820 et
1104 2780 1379 2828 Adimantum,
1408 2780 1454 2817 ut
1480 2775 1666 2843 investi-³*
