1908 3226
768 177 1026 218 -6-

175 281 350 334 denique
382 281 451 334 qui
482 280 728 332 lepidissime
760 276 1031 333 (κομψότατα)
1062 280 1174 334 loqui
1203 281 1414 322 videbatur
1448 281 1626 323 iustitiae
1668 315 1670 318 v

173 364 278 399 esse,
322 351 428 403 quod
468 350 618 390 nullius
660 350 762 390 alius
797 350 913 399 artis,
956 350 1171 390 amicitiam
1200 350 1244 388 in
1274 349 1506 391 civitatibus
1535 364 1628 402 pro-

173 432 319 458 creare.
381 421 422 458 Is
460 432 556 459 vero
597 420 742 458 iterum
782 421 1052 470 interrogatus
1095 420 1243 459 bonum
1285 419 1500 460 amicitiam
1540 433 1627 461 esse

173 488 398 536 contendit,
447 501 651 541 nunquam
693 489 851 527 malum.
911 488 1133 528 Infantiam
1165 492 1296 527 autem
1327 489 1628 544 bestiarumque

173 570 276 610 quae
318 558 503 597 dicantur
542 558 736 598 amicitias
773 558 874 598 falso
913 559 989 597 hoc
1028 558 1189 596 nomine
1220 558 1434 608 appellari,
1478 558 1628 611 quippe

174 639 275 678 quae
296 627 605 676 perniciosiores
626 627 708 665 sint
728 640 847 679 quam
869 627 1060 666 utiliores.
1121 628 1265 665 Veram
1297 626 1511 666 amicitiam
1541 639 1628 666 esse
1652 639 1659 642 ·

173 695 295 733 animi
318 708 567 743 consensum,
599 708 680 733 non
702 708 754 733 ex
775 696 1006 745 opinatione
1028 700 1289 742 emanantem,
1317 696 1385 734 sed
1407 707 1429 733 e
1449 694 1627 744 scientia,

173 763 277 801 sieut
305 763 411 801 idem
442 776 529 801 esse
560 764 776 802 contendat
806 767 847 801 et
871 763 1086 802 amicitiam
1118 767 1159 802 et
1184 775 1419 802 consensum
1451 766 1491 801 et
1514 762 1629 802 iusti-

174 832 283 880 tiam,
315 831 534 880 scientiam,
566 845 648 871 non
679 831 962 882 opinationem.
1023 832 1134 870 Tunc
1164 845 1271 879 vero,
1303 831 1360 871 ita
1389 831 1522 882 pergit
1551 830 1629 870 Oli-

174 902 311 951 topho,
345 901 609 940 obverterunt
639 900 708 953 qui
732 901 897 939 aderant
926 901 974 938 ad
999 900 1158 939 initium
1189 900 1401 940 revertisse
1432 899 1630 939 definitio-

178 982 288 1017 nem,
333 983 423 1008 cum
464 973 504 1008 et
541 970 583 1007 in
614 969 811 1008 medicina
849 969 972 1007 animi
1014 982 1230 1008 consensus
1269 969 1368 1008 insit
1408 969 1519 1008 etin
1550 981 1631 1008 una

177 1051 336 1090 quaque
356 1041 453 1077 arte.
516 1040 649 1090 Atque
680 1051 758 1090 quo
791 1041 973 1087 spectent
1001 1037 1044 1075 in
1069 1037 1179 1076 nulla
1211 1051 1291 1076 non
1316 1050 1529 1088 apparere:
1560 1032 1631 1087 τὴν

177 1103 219 1143 δὲ
249 1100 329 1142 ὖπό
363 1107 436 1143 σοῦ
466 1102 678 1155 λεγομένην
717 1101 977 1153 δικαιοσύνην
1018 1100 1045 1154 ἢ
1077 1100 1273 1153 ὁμόνοιαν
1313 1101 1405 1143 ὅποι
1444 1099 1630 1144 τείνουσοῖ

176 1172 269 1221 ἔστι,
302 1172 557 1225 διαπέφευγε,
589 1171 657 1211 καὶ
688 1167 838 1222 ἄδηλον
869 1169 996 1222 αὐτῆς
1026 1169 1050 1212 δ’
1081 1188 1117 1212 τι
1148 1169 1236 1212 ποτ’
1268 1172 1347 1213 ἔστι
1379 1169 1422 1212 τό
1455 1171 1586 1225 ἔργον.
1617 1180 1622 1185 ‘

292 1243 482 1283 Ultimum
513 1243 713 1292 refugium
745 1256 786 1281 se
816 1243 946 1293 ipsum
978 1243 1123 1282 adiisse
1154 1243 1368 1293 Socratem,
1401 1256 1520 1296 quem
1549 1243 1631 1294 pri-

179 1327 286 1351 mum
311 1312 458 1351 amicos
487 1312 647 1359 iuvare,
678 1325 821 1350 nocere
852 1311 1024 1350 inimicis
1055 1312 1231 1351 iustitiae
1263 1325 1348 1351 esse
1377 1312 1632 1363 respondisse

177 1381 376 1429 audimus;
424 1384 563 1432 postea
594 1394 688 1421 vero
729 1380 879 1419 nemini
926 1394 1070 1420 nocere
1109 1381 1169 1420 fas
1206 1381 1456 1432 apparuisse,
1500 1381 1634 1421 omnia

177 1451 282 1489 enim
324 1463 462 1488 omnes
498 1450 685 1488 utilitatis
725 1462 843 1488 causa
880 1450 1023 1487 facere.
1086 1449 1197 1490 Quae
1227 1463 1269 1488 se
1300 1464 1380 1488 non
1412 1450 1533 1488 semel
1563 1450 1632 1488 sed

177 1518 408 1569 saepissime
447 1517 675 1557 audientem
716 1517 946 1567 desperasse
986 1517 1158 1570 denique
1197 1518 1244 1556 de
1276 1517 1437 1557 Socrate
1467 1517 1632 1570 eiusque

177 1587 332 1634 amicis,
363 1600 452 1625 cum
483 1599 587 1638 quae
616 1587 882 1635 flagitavisset
911 1599 1163 1638 nequaquam
1195 1581 1454 1636 praestarent.
1514 1587 1632 1624 Nunc

177 1667 219 1693 se
248 1655 425 1693 animum
456 1655 770 1705 despondentem
800 1654 1137 1706 Thrasymachum
1167 1654 1234 1694 vel
1264 1654 1384 1693 alium
1414 1641 1633 1706 quemlibet

179 1725 399 1772 aditurum,
442 1724 537 1776 quia
566 1723 748 1762 Socrates
778 1724 1008 1762 satisfacere
1039 1723 1115 1762 sibi
1147 1727 1215 1762 aut
1246 1722 1421 1762 noluerit
1452 1727 1521 1762 aut
1548 1735 1631 1761 non

178 1792 366 1844 potuerit.

293 1862 406 1900 Haec
427 1861 511 1899 fere
534 1863 596 1899 est
616 1860 772 1898 indoles
803 1863 923 1912 atque
956 1873 1108 1898 summa
1137 1859 1276 1899 libelli.
1336 1861 1487 1899 Iterum
1510 1851 1630 1912 atque

178 1931 322 1970 iterum
364 1929 588 1982 quaeritur,
633 1928 729 1981 quid
760 1929 813 1968 sit
843 1942 943 1979 opus
973 1929 1169 1977 iustitiae,
1215 1942 1293 1982 quo
1336 1931 1507 1979 spectet,
1550 1936 1645 1981 quo⁴

176 2001 327 2039 tendat.

290 2068 377 2107 Iam
408 2080 504 2108 vero
535 2080 615 2106 una
645 2080 687 2106 re
720 2067 1045 2117 obstupescamus
1077 2081 1237 2106 necesse
1269 2071 1349 2107 est:
1383 2066 1451 2119 qui
1481 2066 1631 2106 factum

179 2138 248 2185 sit,
280 2141 326 2176 ut
356 2149 429 2175 nec
450 2136 643 2175 Socrates
674 2149 748 2174 nec
778 2136 880 2174 alius
911 2137 1177 2186 respondendi
1208 2137 1274 2176 vel
1304 2133 1541 2174 defendendi
1571 2146 1632 2172 ar-

178 2206 300 2257 ripiat
339 2205 607 2252 occasionem;
649 2206 755 2256 quod
794 2204 959 2243 miratus
991 2205 1170 2244 Ritterus
1201 2205 1380 2243 libellum
1411 2218 1433 2241 a
1454 2203 1632 2248 ,Platone

179 2287 261 2313 non
292 2274 518 2313 confectum
550 2286 636 2313 esse
669 2273 856 2324 opinatus
887 2277 958 2313 est.
1019 2273 1140 2313 Cuius
1179 2272 1391 2312 offensioni
1430 2272 1530 2311 aliae
1568 2283 1655 2310 ac-.

179 2346 364 2383 crescunt
405 2343 683 2391 difficultates,
731 2356 832 2395 quae
862 2343 1044 2382 veritatis
1082 2343 1253 2393 speciem
1292 2343 1454 2381 minime
1483 2341 1630 2380 ferunt.

178 2412 317 2452 Subito
359 2411 466 2450 enim
509 2411 622 2464 quasi
666 2412 713 2450 de
757 2411 865 2450 caelo
908 2410 1059 2462 delapsi
1101 2415 1325 2463 exsurgunt
1367 2408 1409 2449 οἷ
1436 2404 1631 2461 παρόντες

180 2483 233 2533 (p.
253 2485 334 2520 410
350 2482 401 2531 a),
434 2495 603 2533 quorum
627 2486 745 2520 antea
772 2494 846 2519 nec
872 2481 964 2519 vola
988 2482 1100 2519 adest
1123 2495 1197 2520 nec
1218 2481 1443 2530 vestigium.
1503 2481 1630 2518 Porro

180 2563 282 2603 quae
314 2553 538 2602 sequuntur
568 2562 606 2599 p.
630 2550 773 2587 410b:
815 2550 938 2586 ταῦτα
981 2544 1022 2585 δὲ
1055 2544 1126 2598 οὐχ
1158 2544 1263 2596 ἅπαξ
1304 2545 1398 2586 οὐδὲ
1435 2545 1495 2593 δὶς
1533 2541 1631 2586 ἀλλὰ

179 2614 306 2657 πολύυ
338 2614 388 2668 δὴ
419 2612 640 2667 ὑπομείνας
670 2614 814 2669 χρόνον
847 2615 924 2655 mg.
957 2619 1052 2670 quid
1076 2618 1151 2657 sibi
1175 2617 1339 2658 volunt?
1380 2617 1485 2660 Quid
1507 2617 1630 2668 signi-

180 2689 272 2728 ficat
299 2687 399 2726 illud
431 2686 581 2725 ταῦταὲ
642 2689 747 2726 Num
778 2689 827 2726 ad
857 2688 1137 2727 antecedentia
1165 2688 1343 2738 pertinet
1371 2687 1439 2736 ita,
1470 2689 1516 2726 ut
1544 2698 1629 2727 sae-

179 2757 269 2808 pius
299 2757 501 2796 Socratem
542 2756 714 2806 primum
758 2756 917 2808 quidem
956 2757 1180 2795 nocendum
1209 2756 1412 2805 hostibus,
1455 2758 1539 2796 tum
1578 2768 1630 2796 ne

5 3145 7 3147 “
27 3157 57 3172 ¹„—
100 3156 166 3161 ---
376 3147 729 3160 *W*-
760 3154 769 3159 2·
793 3158 795 3161 -
842 3153 859 3161 ·v‹
888 3148 1053 3172 w
1065 3153 1091 3161 -.-›
1115 3147 1217 3165 nawa-g
1236 3136 1421 3165 Wn3‘5*·”“'·'

17 3169 38 3182 “3
65 3170 68 3174 ’
92 3165 911 3188 ‘mmmmffimnfflmffmvst
921 3173 957 3183 -ι-”·
964 3169 1011 3179 ”“»“”’
1024 3171 1032 3174 “’
1042 3174 1047 3178 v
1059 3170 1134 3184 'nvi-f
1189 3170 1199 3176 ·’
