1908 3221
825 239 1106 285 ,25-

360 349 511 397 Restat,
541 351 586 388 ut
605 348 746 387 Zelleri
772 347 1029 399 respiciamus
1051 347 1239 387 iudicium
1259 346 1307 397 ¹),
1340 346 1410 400 qui
1441 346 1515 386 etsi
1547 358 1686 385 conce-

246 418 306 458 dit
325 429 441 468 posse
461 417 726 467 particulatim
748 417 893 456 editam
915 429 999 456 esse
1021 416 1334 467 Rempublicam‚
1366 418 1516 455 certum
1537 416 1580 453 in
1601 418 1686 453 toto

249 486 368 539 opere
391 485 597 525 consilium
620 489 738 539 atque
759 486 954 525 rationem
978 498 1214 535 cognoscere
1235 486 1309 524 sibi
1332 485 1440 524 visus
1462 488 1531 523 est.
1592 484 1689 534 Spe-

248 560 353 596 ctare
384 554 489 593 enim
520 554 636 605 primi
666 554 759 593 libri
789 568 826 605 p.
851 556 971 593 330d
1007 554 1126 592 finem
1158 554 1303 604 dialogi
1342 554 1399 605 (X
1432 557 1548 592 6080
1569 553 1687 606 sqq.).

247 625 466 664 Procedere
507 628 631 664 totam
670 624 979 675 disputationem
1010 637 1032 662 a
1062 624 1226 674 Cephali
1258 637 1343 663 cum
1376 624 1534 663 Socrate
1567 623 1687 661 collo-

248 693 342 748 quio
364 694 412 732 de
432 692 516 733 vita
536 696 626 743 post
646 696 812 732 mortem
834 694 1101 743 exspectanda
1122 694 1340 746 eodemque
1362 693 1545 731 omnibus
1567 705 1687 744 quae-

249 763 445 801 stionibus
467 763 646 801 enodatis
667 763 801 800 rediri.
862 761 977 804 Quod
1008 775 1100 800 casu
1128 763 1275 801 factum
1307 775 1392 800 esse
1422 775 1552 813 neque
1575 761 1686 813 equi-

247 832 335 871 dem
366 843 518 870 sumere
556 831 654 870 mihi
691 845 851 881 possum
887 831 1155 881 sedspeotari
1195 831 1365 881 primum
1396 830 1548 870 decimo
1581 830 1685 869 libro

246 900 420 939 libenter
448 899 600 939 Zellero
641 901 825 939 concedo.
885 902 940 939 At
971 900 1003 939 si
1043 899 1206 939 ultimus
1237 900 1357 939 etiam
1388 899 1548 938 Platoni
1588 913 1686 937 non-

249 969 342 1007 dum
382 969 666 1008 obversabatur
704 968 826 1017 liber,
873 983 961 1008 cum
999 969 1170 1020 primum
1211 969 1430 1017 scribebat,
1472 971 1605 1008 tamen
1646 968 1688 1006 in

248 1037 327 1076 fine
365 1037 510 1087 dialogi
548 1038 707 1076 initium
746 1041 965 1088 spectatum
1006 1051 1091 1077 esse
1129 1041 1262 1088 potest
1302 1042 1422 1090 atque
1454 1038 1501 1076 de
1533 1037 1687 1075 animae

246 1105 542 1145 immortalitate
563 1108 686 1146 verba
716 1107 800 1145 fieri
826 1108 1025 1155 videntur,
1056 1110 1101 1146 ut
1130 1106 1248 1157 plane
1280 1107 1557 1158 cumulateque
1590 1120 1688 1156 opus

247 1174 489 1214 conficiatur.
549 1176 654 1213 Num
675 1189 769 1215 vero
801 1180 927 1214 totum
950 1189 1048 1226 opus
1079 1179 1163 1214 arte
1194 1179 1512 1225 coagmentatum
1545 1175 1597 1213 sit
1627 1179 1685 1213 at-

250 1256 327 1297 que
350 1247 500 1282 certum
521 1244 668 1282 referat
697 1245 789 1282 inde
820 1257 843 1282 a
866 1245 1063 1295 principio
1096 1244 1303 1284 consilium
1335 1258 1497 1295 prorsus
1528 1243 1605 1281 alia
1628 1247 1688 1282 est

251 1313 445 1366 quaestio.

362 1383 495 1433 Atque
535 1394 663 1431 nuper
692 1382 760 1433 qui
792 1382 840 1419 de
870 1382 1128 1432 Reipublicae
1169 1382 1400 1421 recensione
1441 1382 1524 1431 egit
1555 1382 1685 1420 Kroh-

247 1449 338 1487 nius
355 1449 411 1500 ²),
455 1449 675 1487 Hermanni
715 1450 954 1494 sententiam
991 1450 1108 1500 plane
1141 1451 1253 1489 novis
1284 1455 1324 1489 et
1354 1450 1596 1500 gravissimis
1626 1462 1686 1487 ar-

248 1517 446 1566 gumentis
485 1518 716 1556 confirmare
757 1523 920 1557 conatus
961 1522 1031 1558 est.
1102 1519 1301 1558 Gradatim
1343 1520 1447 1557 enim
1487 1518 1686 1567 dialogum

247 1586 438 1637 scriptum
469 1599 553 1626 esse
584 1588 708 1637 ipsius
731 1587 909 1627 Platonis
938 1589 1062 1627 verba
1091 1592 1227 1639 aperte
1257 1588 1432 1627 indicare
1454 1587 1551 1626 dicit
1567 1586 1604 1638 3)
1637 1587 1684 1624 de

247 1669 330 1706 rep.
353 1658 433 1693 394
447 1657 488 1693 d:
520 1651 775 1705 μαντεύομαι,
807 1654 900 1706 ἔφη,
933 1656 1174 1694 σκοπεῖσθαί
1196 1668 1251 1703 σε,
1284 1655 1358 1694 εἴτε
1378 1651 1687 1706 παραδεξόμεθα

249 1723 469 1779 τραγῳδίαν
499 1737 538 1762 τε
568 1722 632 1763 καὶ
665 1723 879 1778 κωμῳδίαν
911 1723 965 1771 εἰς
995 1721 1066 1775 τὴν
1090 1722 1219 1773 πόλιν,
1252 1724 1327 1764 εἴτε
1351 1723 1415 1763 καὶ
1444 1721 1503 1763 οὔ.
1555 1720 1686 1771 Ἴσως,

251 1784 297 1843 ἦν
318 1786 352 1830 δ’
374 1788 461 1843 ἐγώ.
509 1792 605 1838 ἴσως
636 1790 678 1831 δὲ
706 1792 772 1831 καὶ
804 1794 920 1831 πλείω
950 1792 1005 1832 ἔτι
1035 1790 1203 1832 τούτων’
1236 1791 1284 1832 οὗ
1311 1790 1384 1845 γαρ
1408 1789 1457 1843 δὴ
1480 1791 1601 1845 ἔγωγέ
1622 1807 1686 1831 πω

250 1854 355 1907 οἶδα,
377 1855 457 1897 ἀλλ’
473 1855 555 1915 ὅπῃ
581 1855 630 1898 ἂν
652 1855 676 1899 ὅ
695 1856 809 1913 λόγος
832 1857 961 1913 ὥσπερ
982 1863 1135 1911 πνεῦμα
1153 1859 1257 1916 φέρῃ
1275 1858 1399 1916 ταύτῃ
1418 1859 1533 1900 ἰτέον.
1579 1861 1686 1909 Quae

249 1930 384 1980 opinio
415 1934 607 1982 quantum
638 1930 758 1969 distet
795 1944 817 1968 a
846 1931 931 1970 veri
961 1931 1113 1981 specie,
1160 1945 1240 1970 non
1280 1931 1400 1970 huius
1439 1930 1564 1970 libelli
1603 1942 1687 1968 esse

249 2001 383 2049 potest
412 1998 613 2049 expedire,
646 2012 883 2052 quamquam
914 2000 953 2037 id
986 2000 1081 2052 quin
1114 2012 1294 2039 moneam
1327 2001 1457 2039 facere
1488 2013 1569 2038 non
1598 2012 1687 2049 pos-

249 2080 333 2104 sum
365 2068 551 2105 lectorem
584 2081 663 2105 non
695 2072 1027 2118 praeoccupatum
1057 2069 1135 2106 iam
1166 2069 1254 2107 ideo
1283 2069 1430 2107 offendi
1462 2082 1541 2106 non
1572 2080 1688 2117 posse

246 2136 311 2175 his
340 2136 484 2184 verbis,
516 2137 609 2189 quia
638 2150 659 2175 e
689 2151 879 2187 responso
910 2138 1102 2177 Socratis:
1134 2136 1241 2184 ἴσως,
1275 2136 1369 2183 ἴσως
1400 2135 1443 2176 δὲ
1473 2136 1537 2176 καὶ
1570 2135 1688 2175 πλείω

248 2205 434 2253 colligere
473 2205 568 2243 licet
604 2200 651 2242 τοὶ
683 2204 802 2243 πλεῖω
842 2206 963 2242 ταῦτα
1001 2207 1079 2243 iam
1121 2208 1267 2244 dudum
1299 2207 1457 2244 Platoni
1496 2210 1689 2244 constare.

248 2271 323 2313 Sed
355 2276 446 2313 utut
475 2273 551 2313 hoc
572 2287 613 2313 se
643 2274 775 2323 habet,
807 2275 892 2315 veri
914 2274 1080 2315 multum
1102 2275 1205 2316 vidit
1227 2275 1449 2324 Krohnius;
1482 2275 1587 2329 quod
1609 2287 1689 2314 non

249 2342 381 2380 omnia
409 2342 522 2389 vidit,
553 2342 653 2380 miro
682 2344 831 2381 factum
862 2344 914 2381 sit
944 2348 1101 2394 oportet
1130 2357 1234 2382 casu.

364 2410 511 2451 Verum
540 2411 645 2450 enim
676 2425 771 2453 vero
803 2416 995 2467 quantum
1026 2413 1170 2454 attinet
1200 2413 1250 2453 ad
1279 2412 1402 2453 libros
1431 2411 1615 2452 II—VII
1646 2413 1690 2451 ut

247 2493 271 2518 a
302 2481 482 2518 Krohnio
521 2481 577 2518 ita
613 2481 692 2518 iam
729 2483 777 2519 ab
808 2483 1040 2520 Hermanno
1080 2483 1123 2519 in
1155 2484 1251 2521 duas
1281 2486 1415 2532 partes
1445 2482 1688 2528 dilaceratae,

246 2549 345 2590 haec
373 2549 474 2589 ratio
505 2562 526 2587 e
557 2554 694 2589 nostra
725 2550 914 2601 opinione
954 2555 1058 2590 stare
1099 2551 1209 2591 nullo
1240 2556 1355 2602 pacto
1386 2554 1527 2601 potest.
1587 2550 1688 2588 Nam

166 2652 168 2655 .
226 2640 230 2644 -
251 2619 338 2659 sive
358 2618 615 2669 Clitophonte
637 2619 792 2670 dialogo
815 2626 1055 2659 commotum
1080 2633 1165 2659 esse
1186 2621 1407 2668 Platonem,
1438 2622 1483 2658 ut
1503 2619 1694 2658 scriberet

341 2720 375 2764 1)
398 2722 484 2753 Phil.
509 2722 540 2752 d.
567 2721 624 2752 Gr.
650 2722 708 2752 11a
730 2724 797 2754 468
815 2732 886 2762 sqq.

339 2779 375 2822 2)
398 2781 441 2826 ε(1.
465 2781 547 2820 plat.
571 2774 672 2810 Staat’
697 2780 796 2811 Halle
822 2782 930 2820 18763
955 2781 1018 2826 ‘die
1042 2781 1122 2820 plat.
1146 2776 1266 2822 Frage'
1290 2781 1368 2812 ibid.
1390 2781 1489 2813 1878.

340 2835 373 2882 3)
399 2838 430 2868 d.
456 2838 534 2879 plat.
561 2836 653 2869 Staat
676 2847 709 2877 p.
727 2839 748 2869 4
774 2841 807 2869 et
832 2840 862 2870 7.
