1908 3226
796 175 1085 218 —14-

211 278 335 318 multo
366 278 495 318 acrius
524 279 758 318 invecturus
789 282 874 318 erat
902 279 946 317 in
967 279 1230 330 Polycratem,
1263 281 1295 318 si
1317 279 1427 319 illius
1449 283 1667 331 spectasset

210 347 309 387 vilia
350 351 583 386 commenta.
643 348 770 385 Immo
812 348 860 386 de
900 347 1034 385 indole
1077 348 1170 386 libri
1210 349 1259 386 ad
1303 361 1421 400 quem
1461 337 1667 399 pertinent

210 415 496 465 Xenophontis
526 417 670 463 verba,
702 416 898 465 ampliora
927 429 1067 454 eruere
1097 417 1203 470 licet.
1263 418 1480 456 Adhortari
1510 422 1666 458 tantum

208 485 258 521 ad
288 484 498 531 virtutem,
542 484 737 522 adducere
774 496 871 522 vero
913 485 962 522 ad
1000 497 1085 522 eam
1128 497 1207 523 non
1247 484 1424 535 potuisse
1463 483 1665 525 Socratem

210 556 348 592 auctor
367 553 436 591 ille
458 554 729 593 contenderat.
790 554 915 593 Porro
939 554 979 592 id
1001 557 1157 593 tantum
1179 555 1286 606 quod
1308 554 1527 604 castigandi
1548 567 1666 594 causa
1694 545 1707 551 i*

211 622 318 659 cives
348 621 644 671 interrogabat,
675 621 918 671 protulerat,
951 621 1184 671 neglexerat
1215 634 1317 674 quae
1348 621 1563 672 discipulos
1595 622 1663 660 do-

209 704 298 742 cere
324 689 488 729 solebat.
551 688 662 731 Quae
695 690 827 728 omnia
857 691 904 729 ad
935 691 1102 730 verbum
1132 691 1216 730 fere
1248 692 1445 743 quadrant
1474 690 1662 730 inclito-

209 760 414 809 phontem,
448 758 516 810 qui
538 772 700 808 prorsus
723 759 859 797 eadem
880 759 1034 796 ratione
1057 760 1104 797 de
1126 759 1287 798 Socrate
1309 759 1496 810 disputat.
1557 761 1665 797 Ante

210 829 359 868 editum
389 827 514 877 igitur
543 827 830 877 Xenophontis
861 828 1006 866 librum
1038 828 1218 877 dialogus
1249 832 1385 868 noster
1415 828 1663 879 conscriptus

209 901 290 944 est,
334 897 473 935 eodem
504 897 588 934 fere
618 901 819 945 tempore,
852 909 931 948 quo
963 896 1187 947 Polycratis
1217 897 1414 936 accusatio
1445 897 1488 935 in
1517 897 1663 946 vulgus

208 965 369 1016 prodiit,
401 978 506 1003 anno
536 964 621 1003 fere
655 967 736 1003 390
755 965 805 1015 1).

325 1035 388 1072 Ad
410 1033 709 1083 Clitophontem
740 1034 941 1084 pertinere
972 1034 1257 1086 Xenophontis
1288 1035 1417 1074 locum
1448 1035 1661 1083 laudatum,

210 1103 370 1142 Grotius
411 1115 571 1156 quoque
610 1103 817 1142 contendit
856 1104 962 1142 unde
1001 1104 1217 1153 genuinum
1249 1116 1335 1143 esse
1366 1103 1663 1155 Clitophontem
1715 1144 1722 1150 ,
1754 1138 1757 1140 .

211 1173 287 1211 sibi
320 1172 452 1211 sumit.
513 1171 585 1211 Cui
618 1172 849 1224 obloquitur
880 1173 1108 1211 Krohnius:
1140 1174 1332 1229 ‘Socrates
1357 1188 1395 1212 u.
1419 1165 1663 1223 Xenophon’

209 1255 247 1291 p.
274 1245 311 1288 2,
344 1243 392 1279 ab
417 1241 774 1291 interpolatoribus
796 1255 883 1279 cum
905 1242 1023 1289 hunc,
1056 1254 1172 1294 quem
1195 1242 1384 1292 adscripsi
1405 1242 1547 1289 locum,
1577 1244 1661 1280 tum
1701 1270 1703 1273 <
1739 1250 1742 1253 ’

208 1311 422 1348 maximam
454 1311 579 1348 totius
609 1310 702 1348 libri
728 1314 882 1360 partem
906 1311 1079 1349 additam
1105 1324 1191 1349 esse
1215 1311 1471 1350 contendens.
1533 1309 1659 1352 Quam

208 1393 288 1418 non
321 1393 342 1416 e
373 1392 416 1417 re
448 1380 525 1417 erit
560 1379 745 1417 refellere
786 1380 1025 1417 sententiam
1062 1393 1151 1417 eum
1192 1392 1239 1418 ea
1277 1381 1430 1418 nitatur
1471 1380 1660 1431 quodam-

207 1449 323 1486 modo
355 1447 562 1486 Krohnius
591 1447 634 1485 in
666 1448 905 1486 coniecturis
937 1449 984 1486 de
1015 1448 1238 1498 Republica
1268 1448 1450 1488 Platonis
1480 1446 1659 1498 prolatis,

208 1530 309 1569 quae
340 1517 457 1556 nobis
486 1517 593 1555 infra
623 1522 741 1556 erunt
770 1517 1073 1556 examinandae.

322 1587 395 1625 Est
423 1586 546 1635 igitur
577 1586 749 1625 Krohnii
791 1588 991 1626 sententia
1031 1588 1287 1638 depravatum
1332 1598 1416 1626 esse
1447 1589 1567 1638 atque
1597 1597 1659 1623 re·

206 1656 353 1694 fertum
397 1656 543 1694 librum
584 1656 927 1706 Xenophonteum
968 1656 1231 1707 putidissimis
1270 1653 1659 1706 interpolationibus,

207 1725 356 1776 quippe
399 1737 500 1776 quae
543 1737 617 1763 nec
657 1725 913 1774 grammatica
953 1725 1019 1764 vel
1059 1725 1188 1774 logica
1226 1725 1381 1763 ratione
1422 1722 1674 1762 cohaereant.-

207 1805 295 1831 eum
332 1792 518 1842 perbrevi
560 1792 663 1831 libro
705 1793 900 1841 genuino,
945 1805 1019 1831 nec
1059 1792 1266 1841 ingenium
1295 1792 1495 1842 respirent
1522 1790 1660 1828 Xeno-

206 1862 371 1912 phontis
411 1874 462 1900 ex
492 1861 580 1900 aliis
620 1861 706 1901 eius
744 1862 903 1912 scriptis
932 1862 974 1900 in
1005 1862 1144 1912 primis
1175 1861 1422 1913 Cyropaedia
1451 1859 1659 1911 effulgens.

206 1932 354 1970 Contra
385 1932 491 1983 quod
523 1931 714 1970 iudicium
745 1932 787 1969 in
818 1931 1050 1970 universum
1081 1932 1128 1969 de
1156 1931 1431 1981 Xenophonte
1460 1924 1658 1980 prolatum
1721 1977 1723 1980 .

206 1999 339 2038 rixare
381 1999 468 2038 aliis
500 2000 701 2047 condono,
746 2013 835 2038 cum
866 2013 949 2038 non
979 2012 1109 2038 meum
1141 1999 1367 2039 existimem
1398 1999 1446 2037 de
1477 1981 1659 2048 gustibus

204 2069 418 2118 disputare.
480 2069 539 2105 Ea
568 2072 723 2107 tantum
755 2068 797 2105 in
828 2069 960 2106 animo
993 2072 1054 2107 est
1077 2069 1317 2115 examinare,
1351 2080 1453 2119 quae
1474 2070 1559 2105 arte
1583 2064 1657 2104 cri-

204 2136 285 2175 tica
315 2139 409 2175 sunt
439 2136 705 2184 diiudicanda,
738 2136 993 2186 grammatica
1023 2140 1143 2190 atque
1174 2136 1315 2187 logica.

327 2208 461 2258 Atque
487 2205 659 2256 primum
685 2206 844 2258 quidem
867 2206 1063 2244 vocabula
1088 2203 1386 2257 προτρέπεσθαι
1410 2214 1451 2244 et
1470 2197 1662 2254 προάγειν

204 2274 341 2325 (Mem.
365 2275 386 2312 Ι
408 2278 446 2322 4,
468 2275 507 2324 1)
539 2274 671 2312 aliena
699 2286 785 2313 esse
815 2286 838 2312 a
858 2273 1131 2325 Xenophonte
1153 2273 1359 2313 Krohnius
1389 2272 1497 2313 dicit.
1543 2271 1657 2315 Quod

202 2348 312 2383 recte
352 2346 507 2391 monet,
552 2357 791 2396 quamquam
834 2344 930 2382 talia
970 2345 1073 2393 apud
1104 2344 1419 2393 Xenophontem
1457 2342 1659 2380 offendere

203 2426 286 2451 non
318 2413 476 2451 debent.
537 2411 615 2450 Sed
645 2405 968 2468 ‘nqotqe'neofiat'
999 2424 1020 2449 e
1042 2411 1299 2461 Clitophonte
1330 2411 1500 2462 sumpsit
1518 2411 1659 2450 Xeno-

203 2482 315 2533 phon
346 2485 386 2520 et
414 2476 658 2539 ‘producere'
690 2483 738 2520 ad
769 2481 962 2521 virtutem
994 2482 1196 2521 Socratem
1227 2495 1307 2520 non
1338 2481 1515 2531 potuisse
1544 2482 1660 2534 (προο
1721 2517 1729 2521 ,
1757 2496 1760 2498 “

205 2550 381 2603 αγαγεῖν)
413 2562 465 2589 ex
496 2550 636 2589 eodem
668 2549 871 2590 emanavit
899 2551 1024 2590 fonte.
1084 2545 1298 2602 (ἐμπόδιον
1323 2550 1394 2589 τοῦ
1417 2545 1519 2602 πρός
1550 2546 1658 2596 τέλος

299 2651 332 2697 1)
357 2653 397 2684 de
430 2653 605 2693 Polycrate
638 2653 681 2683 ef.
708 2652 840 2693 Sauppe
866 2657 962 2686 oratt.
989 2654 1057 2684 Att.
1084 2664 1116 2694 p.
1138 2655 1203 2685 203
1223 2663 1295 2692 sqq.
1323 2657 1355 2684 et
1379 2663 1411 2693 p.
1433 2655 1511 2685 222.
1559 2653 1669 2698 Blass

205 2712 262 2741 att.
286 2710 462 2741 Beredskt.
487 2712 502 2740 Ι
528 2713 592 2742 341
612 2720 687 2749 sqq.
712 2712 779 2742 423
798 2720 871 2751 sqq.
897 2712 930 2741 ΙΙ
956 2712 1022 2743 225
1040 2720 1112 2751 sqq.
1138 2712 1203 2742 337
1222 2720 1295 2750 sqq.
1329 2710 1504 2742 Susemihl.
1530 2710 1607 2746 Abs.
1625 2711 1660 2743 d.

203 2767 284 2810 plat.
311 2766 453 2800 Phaedr.
479 2777 513 2810 p.
534 2768 612 2803 709.
