1908 3226
806 183 1093 227 ,132-1

222 299 337 337 τερον
377 283 452 336 ἔχει
496 280 679 336 δύναμιν.
739 288 831 327 Non
872 288 999 338 igitur
1040 301 1129 327 cum
1169 286 1384 327 Glauconis
1424 289 1544 339 atque
1573 280 1679 327 Adi-²

222 354 350 393 manti
379 354 768 404 interrogationibus
800 356 1077 396 consentiebat
1106 356 1231 395 malas
1262 368 1449 395 enarrare
1472 354 1680 405 civitates,-

221 422 399 475 perb'ene
430 427 564 462 autem
602 423 655 462 iis
693 426 912 476 respondet
942 439 1043 477 quae
1074 428 1208 464 exstat
1246 424 1290 462 in
1330 424 1410 462 fine
1448 423 1543 464 libri
1574 424 1673 463 noni
1717 410 1740 470 '-

222 491 422 543 expositio
455 491 510 542 (p.
536 493 794 532 588b—592
806 493 862 544 b),
901 507 1002 545 quae
1034 507 1112 546 quo
1144 492 1308 533 vinculo
1340 493 1553 531 cohaereat
1583 505 1672 531 cum

219 560 337 599 libris
358 561 548 600 II—VII
577 564 719 611 postea
749 562 910 601 demum
940 562 1132 613 expedire
1163 574 1386 613 possumus,
1720 563 1722 566 ’

338 629 437 668 Cum
468 642 567 668 vero
598 629 840 668 dissentiant
869 630 966 670 libri
986 631 1093 670 VIII
1114 633 1155 669 et
1174 629 1240 668 IX
1271 644 1294 668 a
1322 629 1670 681 praecedentibus,
1694 654 1696 656 -
1729 637 1731 639 '

222 710 395 749 quanam
426 698 475 736 de
504 711 622 736 causa
658 698 839 737 adiuncti
878 698 978 747 sint,
1021 698 1241 751 quaeritur.
1300 699 1362 737 De
1393 711 1472 750 qua
1500 712 1545 755 re
1577 712 1671 738 sane
1732 706 1737 713 '

222 766 511 805 difficillimum
533 780 619 805 esse
640 766 770 805 fateor
792 770 901 806 certa
921 768 1102 818 proferre
1123 769 1370 817 argumenta,
1400 766 1551 819 quippe
1571 780 1672 820 quae
1738 813 1741 815 ¹

222 836 397 886 pendere
428 835 646 875 videantur
667 849 687 873 e
709 835 893 873 doctrina
913 836 1095 874 Platonis
1126 835 1274 874 sensim
1305 838 1421 873 aucta
1451 838 1571 887 atque
1602 849 1671 874 ex·
1736 835 1741 837 ’

223 905 342 943 culta.
390 904 468 943 Sed
499 903 533 942 si
563 903 706 943 brevia
735 907 959 943 monstrare
989 904 1087 943 licet
1116 903 1301 953 vestigia,
1332 904 1430 956 quid
1449 903 1552 942 mihi
1580 913 1671 956 per·
1725 890 1727 892 Ι

223 972 417 1012 suaserim
446 972 645 1012 indicabo.
689 973 869 1012 Zellerus
885 974 921 1024 ¹)
954 973 1062 1012 enim
1094 973 1347 1023 sagacissime
1368 972 1527 1011 monuit
1545 973 1670 1011 malas

220 1041 319 1080 istas
351 1055 449 1094 quas
476 1042 591 1080 Plato
623 1045 833 1080 enumerat
863 1041 1053 1082 civitates
1083 1041 1364 1090 timocratiam‚
1396 1040 1670 1091 oligarchiam‚
1693 1039 1700 1042 ”

222 1110 529 1158 democratiam,
570 1110 829 1162 tyrannidem
858 1111 950 1150 ideo
990 1114 1149 1150 tantum
1178 1112 1287 1150 hunc
1316 1112 1462 1149 ducere
1492 1111 1670 1158 chorum,
1707 1101 1709 1103 V

223 1179 319 1232 quia
339 1178 501 1217 Platoni
530 1178 590 1217 ita
619 1179 865 1219 videbantur
894 1181 962 1219 vel
982 1180 1145 1219 maioris
1176 1180 1244 1220 vel
1264 1178 1432 1218 minoris
1463 1192 1550 1218 esse
1579 1191 1670 1230 pre-

221 1248 291 1297 tii,
332 1262 414 1287 non
454 1252 588 1287 autem
626 1249 721 1301 quia
756 1249 950 1288 historiae
980 1249 1262 1289 necessitatem
1293 1251 1513 1300 spectasset
1541 1249 1671 1296 Plato,

223 1331 302 1370 qua
321 1317 411 1355 fieri
433 1321 650 1369 oporteret,
681 1321 728 1356 ut
749 1318 809 1356 ita
828 1332 902 1357 nec
923 1319 1042 1357 aliter
1063 1320 1190 1357 altera
1209 1319 1378 1357 alteram
1399 1316 1669 1368 exciperet2).

221 1387 271 1424 In
303 1399 422 1438 quem
463 1386 646 1425 ordinem
683 1386 916 1436 civitatum,
959 1387 1027 1440 qui
1057 1401 1138 1426 non
1168 1401 1309 1439 parum
1340 1385 1501 1424 differat
1531 1387 1580 1424 ab
1611 1397 1670 1433 eo,

222 1454 292 1506 qui
321 1454 365 1492 in
386 1454 558 1493 Politico
575 1455 613 1506 ³)
643 1455 855 1495 invenitur
875 1456 1046 1505 dialogo,
1076 1455 1332 1507 provectiore
1354 1455 1514 1493 demum
1539 1455 1670 1492 aetate

221 1524 435 1562 Platonem
473 1523 665 1563 incidisse
707 1524 935 1576 suspicatur
963 1525 1155 1563 Zellerus.
1218 1523 1335 1566 Quod
1368 1522 1471 1561 mihi
1508 1521 1670 1575 quidem
1715 1520 1720 1521 ⁷

222 1593 342 1643 plane
373 1593 575 1644 persuasit
604 1593 670 1633 vir
693 1608 881 1633 summus.
941 1596 1077 1646 Atque
1107 1596 1204 1645 puto
1237 1607 1327 1632 eum
1357 1595 1403 1632 ut
1431 1593 1542 1631 hunc
1571 1590 1671 1630 civi-

220 1664 352 1700 tatum
369 1662 550 1701 ordinem
565 1663 857 1714 pedetemptim
873 1663 1027 1711 statuit,
1054 1663 1113 1701 ita
1133 1666 1273 1714 postea
1294 1675 1451 1715 quoque
1471 1659 1670 1712 reperisse

220 1730 334 1768 illam
373 1731 422 1769 de
452 1731 570 1769 malis
609 1731 754 1770 animis
794 1731 1132 1783 respondentibus
1161 1731 1278 1770 malis
1319 1730 1553 1771 civitatibus
1584 1727 1670 1780 opi-

221 1799 405 1847 nionem,
447 1813 498 1838 ex
529 1813 609 1852 qua
649 1799 939 1849 cogitationum
980 1813 1136 1839 conexu
1171 1799 1403 1848 consilium,
1445 1800 1494 1838 de
1525 1797 1669 1851 quibus

221 1868 376 1918 agimus
405 1868 603 1908 librorum
633 1871 773 1907 natum
804 1882 890 1908 esse
920 1868 1023 1907 mihi
1054 1883 1177 1908 sumo.

340 1937 457 1979 Quod
485 1941 580 1976 utut
610 1952 651 1976 se
672 1939 808 1985 habet,
839 1939 1157 1976 demonstratum
1179 1952 1264 1977 esse
1293 1937 1427 1976 iudico
1451 1949 1526 1975 nec
1553 1936 1669 1973 indo-

220 2006 301 2045 lem
331 2005 529 2045 librorum
550 2006 657 2046 VIII
679 2009 720 2045 et
739 2006 805 2044 IX
833 2007 1078 2057 respondere
1103 2005 1437 2057 praecedentibus
1468 2007 1509 2044 et
1537 2005 1670 2043 locum

221 2076 329 2113 unde
370 2075 542 2126 profecti
582 2090 717 2114 sumus
748 2090 787 2126 p.
811 2077 930 2114 42ob
962 2089 1139 2127 pugnare
1181 2078 1320 2114 contra
1358 2074 1485 2113 totius
1520 2071 1670 2121 dialogi

223 2143 419 2182 ordinem.
466 2144 634 2197 Iamque
664 2158 790 2183 unum
822 2145 929 2197 quod
951 2145 1131 2183 consulto
1154 2145 1284 2183 adhuc
1305 2143 1433 2192 omisi,
1463 2141 1670 2195 proferen-

223 2214 318 2252 dum
341 2217 412 2261 est,
443 2214 487 2252 in
506 2228 584 2266 quo
601 2228 718 2253 nemo
737 2214 940 2252 offendere
957 2228 1037 2253 non
1053 2218 1198 2264 potest.
1238 2213 1410 2252 Dixerat
1430 2212 1538 2251 enim
1552 2211 1669 2250 Plato

224 2296 265 2321 se
304 2282 482 2321 statim
512 2282 556 2320 in
586 2281 801 2333 pessimam
830 2281 1121 2335 inquisiturum
1153 2295 1239 2321 esse
1271 2281 1478 2322 civitatem
1512 2274 1670 2332 (αὐτίκα

224 2348 266 2390 δὲ
299 2347 368 2401 τὴν
401 2350 582 2390 ἐναντίαν
613 2348 851 2401 σκεψόμεθα
881 2366 919 2403 p.
943 2355 1025 2390 420
1039 2352 1075 2403 c)
1106 2352 1214 2404 quod
1250 2352 1298 2390 fit
1334 2351 1465 2390 tribus
1496 2348 1669 2401 peractis
1712 2370 1732 2387 f

319 2486 350 2529 1)
376 2487 459 2518 Phil.
487 2489 518 2519 d.
545 2487 603 2519 Gr.
628 2489 686 2520 1ΙέΙ
712 2491 788 2522 784.
1735 2517 1739 2525 ,

316 2545 351 2586 2)
375 2546 469 2583 Quae
503 2547 691 2585 nuperrime
724 2550 840 2577 contra
867 2547 1034 2577 Zellerum
1068 2547 1251 2586 disputavit
1273 2546 1435 2577 Nohlius:
1470 2544 1535 2591 ‘die
1568 2542 1692 2587 Stat&7
1736 2558 1740 2560 ·

221 2602 315 2634 lehre
339 2600 476 2634 Plato's’
501 2614 532 2643 p.
554 2605 618 2635 100
635 2613 718 2643 sqq„
743 2604 826 2634 mihi
850 2614 917 2635 non
942 2604 1108 2644 probavit.
1663 2604 1667 2607 ’
1694 2613 1702 2642 ᾗ

316 2660 351 2703 3)
374 2662 414 2691 In
439 2671 503 2700 quo
529 2662 662 2701 dialogo
686 2672 761 2692 oum
786 2664 827 2692 de
851 2663 977 2701 optima
1001 2663 1136 2693 civitate
1161 2664 1204 2692 ad
1229 2663 1380 2693 effectum
1402 2658 1599 2693 adducen'da
1613 2660 1690 2709 des·v
1721 2648 1740 2683 *-

222 2728 375 2758 sperasse
391 2719 544 2751 videatur
559 2720 668 2762 Plato,
694 2720 842 2762 sequitur
858 2723 895 2751 ut
917 2723 994 2761 post
1017 2721 1140 2752 editam
1156 2721 1294 2752 alteram
1310 2719 1527 2761 Reipublicae
1541 2721 1672 2762 partem
1726 2725 1728 2727 '

223 2777 430 2818 conscriptus
454 2778 508 2810 sit.
1649 2779 1651 2781 ’
