1908 3221
827 202 1110 245 -17-

364 307 479 351 Quod
504 309 592 362 quis
623 309 770 349 crimen
799 310 950 349 inferre
972 309 1123 348 Socrati
1155 310 1322 359 poterat,
1356 308 1452 348 dicit
1472 308 1690 353 Krohnius,

249 379 559 417 moderationem
591 378 804 428 discipulos
835 379 1032 418 docendos
1062 378 1202 424 fuisse,
1234 378 1464 430 priusquam
1495 379 1542 416 de
1574 391 1691 428 repu-

249 446 354 485 blica
383 447 693 486 administranda
721 446 1048 494 instituerentur,
1091 447 1147 484 ita
1176 446 1325 485 refellit
1354 447 1604 497 Xenophon,
1647 452 1692 486 ut

143 508 147 512 ”
186 544 188 546 ·
249 515 308 554 nil
337 515 414 553 iam
447 515 578 553 doceri
609 527 724 565 posse
755 515 870 563 dicat,
903 516 936 554 si
968 517 1100 553 omnia
1129 516 1351 565 penderent
1380 529 1432 554 ex
1462 517 1691 555 adulescen-

248 584 350 623 tium
379 583 539 623 virtute.
599 584 695 621 Cum
726 596 804 635 qua
835 583 1033 622 sententia
1063 583 1225 621 minime
1256 586 1482 633 convenire,
1515 598 1615 638 quae
1637 585 1692 623 le-

210 659 215 661 “
250 655 399 702 guntur
427 652 546 691 Mem.
568 651 626 690 IV
659 655 694 700 3,
723 655 764 691 1:
810 646 852 690 τὸ
884 648 954 702 μὲν
992 642 1064 689 οὖν
1101 647 1302 696 λεκτικούς
1341 651 1406 690 καὶ
1448 649 1691 704 πρακτικούς

252 718 321 760 καὶ
356 715 597 771 μηχανικοῦς
636 720 838 772 γίγνεσθαι
879 715 972 765 τούς
1010 715 1202 765 συνόντας
1233 716 1308 758 οὐκ
1340 719 1549 769 ἔσπευδεν,
1592 716 1690 761 ἄλλά

251 785 446 841 πρότερον
485 786 634 827 τούτων
676 785 771 843 ᾤετο
810 791 949 841 χρῆναι
981 785 1246 840 σωφροσύνην
1278 785 1415 835 αὐτοῖς
1447 788 1687 841 ἐγγενέσθαι.

252 858 364 900 Quae
403 870 497 896 sane
537 863 621 896 toto
663 858 770 896 caelo
812 862 904 896 sunt
944 859 1111 896 diversa.
1172 859 1249 896 Sed
1289 858 1353 896 hic
1394 872 1553 910 quoque
1592 860 1691 897 falso

236 929 534 978 ‘interpretatus
570 930 631 964 est
662 926 877 964 Krohnius.
935 926 1049 964 Inest
1085 926 1227 966 vitium
1268 927 1311 964 in
1340 928 1546 966 vocabulis
1584 929 1620 978 (Ι
1653 932 1689 977 2,

258 997 344 1048 17);
375 994 468 1040 ἴσως
496 985 567 1033 οὖν
598 993 701 1033 εἴποι
734 1009 791 1041 τις
822 991 871 1033 ἂν
893 991 994 1046 πρός
1016 996 1151 1043 ταῦτα,
1184 991 1243 1033 ὅτι
1268 993 1385 1047 ἐχρῆν
1405 992 1472 1034 τὸν
1494 992 1692 1048 Σωκράτη

252 1049 306 1116 pm}
337 1061 530 1117 πρότερον
572 1059 619 1102 τά
658 1059 838 1102 πολιτικοὶ
880 1060 1080 1102 διδάσκειν
1119 1058 1146 1113 ἢ
1184 1068 1427 1116 σωφρονεῖν,
1471 1079 1573 1118 quae
1613 1080 1693 1104 non

250 1134 494 1184 significant:
525 1146 603 1171 non
627 1133 796 1171 debebat
816 1132 996 1171 Socrates
1026 1133 1220 1171 rationem
1243 1133 1399 1173 civilem
1422 1134 1561 1173 docere
1583 1139 1694 1174 ante-

252 1216 371 1256 quam
401 1201 711 1240 moderationem
744 1201 951 1249 docuisset,
984 1202 1052 1240 sed
1082 1206 1296 1254 antequam
1327 1204 1517 1242 moderati
1549 1204 1692 1243 redditi

252 1275 386 1310 essent
415 1270 705 1317 adulescentes,
739 1270 823 1317 vel,
855 1273 900 1308 ut
930 1270 996 1308 hic
1026 1283 1184 1322 quoque
1217 1272 1511 1319 grammaticam
1544 1272 1695 1321 signifi-

252 1353 336 1379 cem
359 1342 607 1386 structuram,
640 1334 832 1389 πρότερον
852 1360 908 1365 -
931 1333 956 1388 ἦ
977 1339 1082 1377 idem
1104 1339 1211 1378 valet
1233 1340 1336 1392 quod
1361 1338 1454 1391 πρίν
1473 1341 1520 1392 ¹).
1583 1340 1694 1382 Quae

254 1423 341 1449 cum
371 1409 429 1447 ita
456 1408 547 1455 sint,
579 1408 648 1445 illa
678 1408 809 1457 capita
838 1420 1089 1459 nequaquam
1122 1408 1359 1457 discrepant.

367 1478 444 1516 Sed
466 1490 702 1529 quamquam
726 1490 826 1528 quae
857 1477 1004 1527 protuli
1036 1478 1273 1527 persuadere
1306 1478 1421 1516 nobis
1452 1492 1532 1517 non
1564 1481 1696 1529 potuit

253 1547 476 1593 Krohnius‚
519 1551 649 1583 tamen
683 1547 728 1583 de
760 1546 919 1583 Socrate
951 1545 1162 1592 historico,
1208 1550 1252 1583 ut
1281 1546 1338 1584 ita
1369 1546 1511 1595 dicam,
1546 1548 1694 1598 optime

252 1617 415 1664 meruit,
457 1628 543 1654 cum
582 1628 698 1666 quam
729 1614 904 1653 Zellerus
935 1616 982 1652 de
1012 1614 1081 1652 illo
1114 1615 1222 1653 dedit
1263 1616 1576 1665 expositionem,
1618 1618 1695 1655 sibi

252 1700 333 1725 non
364 1689 545 1723 constare
576 1683 816 1732 probaverit.
876 1685 1009 1734 Atque
1029 1696 1181 1730 vereor,
1215 1696 1263 1721 ne
1295 1696 1373 1736 quo
1404 1685 1528 1734 magis
1558 1697 1604 1723 ea
1633 1686 1694 1724 in·-

253 1755 419 1797 valescit
457 1752 655 1791 sententia
692 1753 915 1790 Phaedrum
946 1752 1196 1790 Platonicum
1236 1753 1425 1803 scriptum
1465 1767 1549 1793 esse
1590 1768 1694 1794 anno

255 1828 337 1863 402
352 1824 403 1873 2),
435 1836 480 1860 eo
504 1822 628 1870 magis
649 1821 805 1859 Platoni
828 1821 945 1859 fidem
969 1822 1014 1858 de
1036 1821 1195 1860 Socrate
1227 1822 1415 1861 historico
1446 1824 1693 1873 abrogemus.

255 1893 371 1936 Quod
410 1892 569 1944 quidem
602 1890 897 1940 Clitophontem
929 1890 996 1942 qui
1030 1890 1189 1940 scripsit
1218 1891 1391 1930 Socratis
1429 1905 1598 1942 persona
1635 1894 1695 1932 uti

254 1965 426 2014 poterat,
458 1964 504 1999 ut
532 1960 677 2010 placito
709 1963 845 2009 aperte
876 1959 1083 1998 Platonico
1114 1960 1357 2009 significaret
1386 1962 1593 2000 Platonem
1624 1964 1695 2001 mi-

252 2045 341 2071 rum
372 2034 563 2083 quantum
603 2029 716 2068 iuvat
754 2042 889 2067 eorum
930 2029 1188 2076 sententiam,
1233 2030 1301 2081 qui
1331 2031 1379 2068 ab
1411 2030 1550 2069 ultimo
1580 2031 1696 2070 initio

254 2099 520 2151 pulchriorem
562 2111 678 2150 quam
710 2098 906 2137 veriorem
937 2111 960 2135 a
990 2098 1156 2136 Platone
1196 2099 1390 2137 redditam
1429 2113 1515 2138 esse
1554 2105 1697 2150 putant

253 2168 426 2207 Socratis
446 2167 670 2216 imaginem.
711 2170 842 2219 Atque
864 2180 954 2219 quo,
979 2180 1137 2219 quaese,
1157 2167 1243 2205 iure
1266 2167 1534 2218 Clitophontis
1559 2174 1696 2208 auctor

254 2242 301 2277 ut
321 2238 451 2287 ipsum
473 2236 670 2274 Socratem
704 2235 956 2274 introducere
988 2241 1145 2284 poterat
1166 2236 1386 2283 Platonem,
1417 2237 1448 2274 si
1470 2251 1549 2274 non
1572 2238 1699 2277 cuivis

254 2307 405 2358 legenti
436 2306 476 2342 in
510 2308 680 2342 mentem
712 2304 901 2341 veniebat
930 2303 1043 2341 illum
1073 2303 1196 2342 fuisse
1228 2305 1295 2356 qui
1319 2305 1519 2344 Socratem
1551 2307 1697 2356 dialogi

255 2388 465 2429 personam
488 2371 730 2422 creasset3)?
770 2372 845 2411 Sed
877 2373 982 2424 quod
1011 2372 1104 2410 inde
1130 2374 1311 2425 sequitur
1331 2374 1510 2412 Platonis
1542 2376 1697 2413 demum

350 2467 384 2510 1)
415 2467 519 2507 Saepe
553 2466 633 2496 haec
667 2467 829 2495 structura
854 2464 994 2495 occurrit
1026 2464 1113 2504 apud
1137 2464 1342 2495 Herodotum
1374 2465 1414 2496 cs.
1439 2466 1454 2496 1
1480 2467 1542 2505 72,
1570 2469 1607 2507 13
1634 2466 1697 2498 VII

257 2530 288 2568 2,
317 2530 356 2568 13
379 2527 439 2557 IX-
456 2528 507 2564 16,
533 2526 564 2562 3,
588 2524 694 2553 rarius
719 2524 806 2562 apud
830 2523 1055 2562 Thucydidem
1080 2523 1120 2552 cf.
1147 2522 1193 2552 VI
1218 2524 1272 2562 58,
1301 2525 1331 2553 1.

349 2583 385 2627 2)
409 2583 500 2622 Quae
525 2581 692 2612 sententia·
710 2580 807 2610 valde
831 2580 912 2610 mihi
936 2580 1068 2611 arridet.
1106 2579 1155 2610 Cf.
1174 2580 1214 2610 de
1232 2589 1287 2610 ea:
1314 2580 1441 2611 Usener
1465 2580 1697 2625 ‘Absassungs-

256 2643 322 2675 zeit
343 2642 375 2673 d.
400 2642 480 2681 plat.
503 2634 695 2670 Phaedrus'.
721 2638 783 2668 Rh.
803 2638 846 2667 M.
872 2638 913 2667 N.
933 2637 969 2666 F.
997 2637 1125 2667 XXXV
1151 2647 1182 2675 p.
1204 2638 1286 2676 1313
1324 2638 1364 2668 de
1388 2638 1610 2669 Wilamowitz
1634 2639 1696 2669 1.1.

225 2731 227 2734 ,
255 2704 289 2741 p.
310 2700 386 2731 213.
436 2697 627 2728 Contrarias
661 2696 814 2726 defensor
846 2694 1063 2725 Susemihlius
1098 2695 1222 2725 extitit:
1262 2695 1336 2740 ‘Die
1361 2695 1635 2735 Absassungszeit
1664 2697 1698 2728 d.

255 2758 337 2800 Plat.
361 2749 514 2788 Phaedr.'
539 2753 679 2785 Jahrbb.
705 2753 758 2783 fiir
782 2753 879 2784 class.
900 2752 985 2784 Phil.
1011 2751 1128 2792 Jahrg.
1147 2753 1235 2784 1880
1259 2762 1291 2793 p.
1315 2753 1390 2784 707.

351 2812 385 2862 3)
409 2815 450 2845 cf.
474 2813 515 2845 de
539 2811 761 2844 Wilamowitz
785 2810 843 2841 1.1.
871 2819 902 2851 p.
920 2810 998 2842 218.
1397 2861 1419 2897 λ
