1908 3226
202 277 292 329 περὶ
332 270 471 328 τᾶλλα,
515 275 581 319 διὰ
619 281 736 319 τοῦτο
768 279 811 321 δὲ
841 278 1109 334 ἀποτυγχάνει
1148 278 1215 319 καὶ
1257 283 1337 321 τῶν
1376 276 1505 322 ἄλλων
1543 280 1582 322 εἷ’
1613 296 1653 324 τι

203 344 348 397 ὄφελος
378 340 441 398 ἦν,
473 346 563 400 περὶ
587 344 637 399 δὴ
660 345 703 387 τό
729 352 912 389 τοιοῦτον
943 348 1011 389 καὶ
1042 352 1233 389 τοσοῦτον
1264 345 1369 389 οὕτω
1402 352 1542 400 φῶμεν
1568 350 1653 391 δεῖν
1681 343 1684 345 ’

204 416 452 457 ἐσκοτῶσθαι
482 415 551 456 καὶ
575 415 752 464 ἐκείνους
776 414 871 465 τούς
897 418 1121 470 βελτίστους
1145 417 1187 458 ἐν
1209 420 1257 474 τῇ
1279 415 1403 467 πόλει,
1434 414 1497 465 οἷς
1519 415 1652 476 πάντα
1703 417 1705 420 ’

203 484 489 538 ἔγχειριοῦμενς
528 483 697 524 ΓΉκιστα
728 481 775 539 γ’,
808 485 897 538 ἔφη.
964 481 1086 537 Οἶμαι
1118 482 1151 539 γ’
1182 478 1275 537 οὖν,
1307 481 1442 535 εἶπον,
1475 476 1651 528 dinan}

202 569 252 593 τε
283 553 365 593 καὶ
406 551 531 594 καλ-ἂ
573 551 913 607 ἀγνοούμενα,
957 553 1050 611 ὅπῃ
1084 553 1199 594 ποτὲ
1230 550 1406 607 ἀγαθά
1439 555 1572 596 ἔστιν
1603 552 1653 597 οὗ

203 624 351 661 πολλοῦ
392 637 500 669 τινος
540 619 653 670 ἄξιον
693 620 853 671 φύλακα
893 625 1112 674 κεκτῆσθαι
1154 620 1202 661 ἂν
1233 621 1385 662 ἑαυτῶν
1425 619 1495 662 τόν
1534 626 1652 665 τοῦτο
1695 617 1698 620 Δ
1737 632 1739 634 ’

203 686 447 743 ἀγνοοῦντα,
494 688 738 741 μαντεύομαι
783 689 825 731 δὲ
856 691 1006 742 μηδένα
1047 688 1150 730 αὐτοὶ
1192 689 1385 743 πρότερον
1426 689 1653 744 γνώσεσθαι

203 759 360 806 ἱκανῶς,
421 760 533 803 Quae
575 761 708 799 omnia
747 761 971 800 adscribere
1011 762 1151 809 debui,
1195 765 1240 812 ut
1278 774 1396 815 quam
1434 762 1653 802 certissime

201 833 392 881 appareat
421 830 539 881 plane
569 831 674 868 idem
707 831 842 883 quaeri
866 830 931 870 vel
956 831 1137 881 expediri
1159 844 1182 868 a
1201 831 1381 878 Platone,
1413 832 1518 882 quod
1537 832 1653 882 flagi-

202 903 358 938 taverat
388 899 585 948 Clitopho.
648 899 773 939 Quale
805 900 857 937 sit
888 912 987 948 opus
1017 898 1193 937 iustitiae
1234 899 1277 935 in
1306 898 1421 937 libris
1451 900 1652 938 VI-VII

202 967 411 1018 ingeniose
441 968 629 1018 exponit:
659 967 990 1018 philosophorum
1020 968 1115 1015 vita,
1146 968 1300 1006 animae
1323 981 1409 1006 cum
1436 968 1535 1008 ideis
1558 981 1653 1008 con-

201 1036 368 1074 iunctio.

319 1105 644 1143 Demonstratum
685 1104 810 1154 igitur
851 1107 912 1143 est
952 1104 1057 1143 edito
1098 1103 1225 1155 primo
1258 1104 1518 1154 Reipublicae
1547 1105 1650 1144 libro

204 1173 394 1222 scriptum
424 1185 510 1210 esse
541 1172 857 1221 Olitophontem,
888 1177 972 1210 tum
1003 1172 1179 1223 reliquos
1210 1173 1376 1210 Politias
1407 1173 1530 1211 libros
1559 1185 1652 1223 pro-

204 1241 342 1290 diisse,
384 1245 518 1280 utrum
549 1254 686 1280 omnes
717 1254 767 1279 an
798 1254 890 1292 pars
919 1245 1094 1289 tantum,
1136 1241 1241 1280 infra
1279 1241 1516 1281 videbimus.
1574 1241 1652 1281 Sed

203 1322 305 1363 quae
335 1314 496 1359 praeter
524 1311 601 1348 hoc
630 1312 679 1348 ad
702 1311 1000 1360 Clitophontem
1031 1323 1265 1359 responsum
1296 1311 1436 1348 insunt
1465 1311 1508 1348 in
1537 1310 1652 1350 libris

202 1378 398 1426 II—VH,
429 1378 580 1416 maiora
601 1382 708 1426 sunt,
739 1391 857 1430 quam
879 1391 980 1430 quae
1011 1379 1086 1416 hac
1114 1378 1197 1416 sola
1227 1379 1275 1416 de
1300 1391 1418 1417 causa
1447 1379 1652 1429 scripsisse

203 1431 413 1486 Platonem
454 1450 685 1485 statuamus.
746 1448 843 1485 Cum
873 1460 968 1485 vero
1001 1450 1158 1497 praeter
1199 1447 1328 1485 locum
1369 1447 1572 1486 laudatum
1602 1448 1651 1485 de

202 1528 286 1565 rep.
322 1514 488 1566 5O4e1)
519 1515 652 1553 nullus
683 1515 784 1553 alius
816 1519 967 1563 exstet,
1012 1516 1080 1568 qui
1112 1515 1198 1565 ipsa
1229 1515 1498 1566 Clitophontis
1528 1516 1652 1555 verba

204 1588 378 1634 spectet,
422 1584 820 1633 circumspiciendum
851 1584 987 1631 nobis,
1030 1588 1230 1636 quatenus,
1256 1584 1441 1634 Clitopho
1473 1583 1653 1623 Platonis

205 1652 403 1691 scribendi
436 1652 609 1690 studium
641 1653 821 1692 moverit.

320 1724 456 1772 Atque
496 1734 597 1773 quae
637 1722 685 1759 de
715 1722 866 1761 virtute
905 1721 971 1760 vel
1010 1722 1058 1759 de
1089 1721 1256 1770 singulis
1285 1721 1501 1761 virtutibus
1539 1722 1654 1761 docet

205 1789 331 1837 Plato,
363 1801 445 1826 non
474 1789 654 1839 perfecta
683 1794 803 1842 atque
835 1788 1018 1828 absoluta
1048 1789 1161 1842 quasi
1193 1790 1240 1828 de
1263 1789 1371 1828 caelo
1394 1790 1436 1827 in
1459 1790 1652 1840 gremium

206 1859 243 1898 ei
274 1859 436 1909 delapsa
476 1872 561 1898 esse
604 1859 673 1911 qui
715 1859 928 1908 diligenter
968 1859 1116 1909 scripta
1155 1860 1240 1898 eius
1280 1859 1496 1907 evolverit,
1536 1858 1654 1897 facile

206 1929 408 1967 concedet.
469 1928 622 1967 Natura
653 1941 746 1967 sane
776 1929 856 1967 fert
885 1928 1038 1978 ingenii
1070 1929 1245 1976 humani,
1278 1933 1322 1967 ut
1352 1941 1503 1966 summa
1533 1940 1653 1979 quae-

207 2010 284 2048 que
328 1997 521 2036 divinitus
562 2001 681 2048 atque
724 1998 883 2035 caelesti
925 1999 1094 2048 quadam
1135 1998 1351 2035 intuitione
1392 1997 1571 2035 oriantur
1609 1996 1652 2033 in

206 2068 359 2113 mente,
403 2066 472 2104 sed
510 2066 732 2104 necessario
775 2078 935 2118 quoque
975 2065 1041 2113 fit,
1083 2070 1129 2104 ut
1159 2066 1295 2104 eadem
1335 2065 1485 2117 quippe
1522 2068 1652 2103 matu-

205 2135 384 2172 rescendi
427 2140 608 2183 tempore
649 2136 808 2183 egentia
846 2135 889 2171 in
921 2135 1004 2171 dies
1035 2139 1214 2173 crescant
1252 2138 1371 2186 atque
1409 2132 1653 2183 amplificen-

205 2208 282 2242 tur.
343 2203 454 2241 Idem
484 2202 526 2241 in
548 2202 729 2242 Platonis
761 2203 808 2241 de
837 2203 938 2241 ideis
969 2208 1020 2251 et,
1052 2204 1158 2255 quod
1177 2203 1373 2242 Zellerum
1387 2202 1425 2253 2)
1445 2215 1528 2240 non
1546 2200 1654 2252 fugit

205 2273 253 2311 de
283 2272 433 2311 virtute
464 2272 696 2320 doctrinam,
728 2272 798 2310 ubi
817 2272 991 2310 Socratis
1012 2272 1281 2322 praeceptoris
1301 2271 1473 2321 vestigia
1493 2274 1651 2310 secutus

301 2418 333 2463 1)
358 2422 408 2451 Ne
434 2422 521 2451 hunc
545 2421 677 2459 quidem
701 2421 809 2451 locum
834 2421 1081 2460 Clitophontem
1105 2421 1255 2451 redolere
1280 2419 1562 2451 Wilamowitzius›
1576 2428 1652 2451 cen-

206 2482 274 2517 set,
309 2482 505 2518 praeceptor
538 2479 691 2518 optimus.
740 2479 837 2517 Quod
862 2479 891 2510 si
916 2479 977 2509 tibi
1010 2488 1142 2517 quoque
1175 2488 1241 2509 non
1274 2478 1440 2518 persuasi,
1476 2478 1542 2507 alia
1572 2486 1653 2511 sane
1702 2498 1704 2500 .

204 2537 354 2575 proferre
387 2546 526 2575 nequeo.
577 2535 642 2567 Sed
676 2546 839 2575 quaenam
872 2537 915 2567 sit
944 2537 1003 2567 illa
1027 2537 1137 2566 anima
1169 2537 1366 2575 desperans,
1400 2534 1552 2574 equidem
1583 2542 1651 2565 nou

204 2603 381 2632 assequor,
413 2594 441 2624 si
465 2603 530 2624 non
555 2597 680 2624 certum
705 2594 869 2632 quendam
894 2594 1035 2633 intelligi
1059 2594 1172 2625 sumis.
1223 2593 1319 2632 Quod
1343 2593 1430 2623 enim
1454 2593 1550 2623 Plato
1573 2591 1653 2623 dicit

204 2645 333 2698 ‘Simon
358 2647 487 2694 ψυχή’,
524 2651 558 2681 id
582 2661 648 2681 non
673 2652 806 2691 proprie
832 2652 953 2682 dictum
977 2654 1044 2690 est,
1081 2661 1154 2682 cum
1178 2651 1249 2690 ipse
1274 2661 1340 2681 non
1366 2660 1479 2681 omnes
1502 2648 1653 2681 homines

205 2709 262 2739 sed
286 2708 502 2748 paucissimos
524 2711 653 2740 tantum
675 2709 850 2740 veritatem
875 2711 1008 2741 strenue
1034 2718 1193 2748 quaerere
1217 2711 1318 2748 putet.

298 2764 332 2810 2)
356 2766 443 2798 Phil.
469 2767 500 2798 d.
528 2766 586 2797 Gr.
610 2767 668 2797 fla
693 2767 769 2798 745.
