1908 3221
179 316 385 386 ξᾎῖμᾶλιστα
413 328 703 380 ἐπιμελεῖσθαι,
746 327 885 381 σχεδὸν
915 326 999 369 οὔτ’
1030 327 1218 369 ἀντεῖπον
1246 326 1407 368 πώποτε
1438 324 1521 368 οὔτ’
1552 322 1665 378 οἶμαι

192 386 372 450 ῘῘμῆποιῪ
411 395 576 451 ὕστερον
617 395 799 438 ἀντείπω.
860 399 965 438 Male
1006 411 1217 451 personam
1259 411 1366 438 suam
1409 401 1545 438 tuetur
1587 397 1663 436 Cli-

187 456 359 519 nephe,
401 482 489 507 cum
519 470 585 509 hic
615 482 732 518 posse
763 470 895 507 doceri
925 470 1116 508 virtutem
1147 470 1343 507 dicentem
1374 469 1496 506 faciat
1526 468 1664 505 Socra-

188 528 309 585 atem,
341 549 458 590 quem
490 549 610 588 supra
639 536 888 577 dubitantem
918 537 1208 577 introduxerat.

332 605 458 647 Quae·
481 620 568 645 cum
598 606 656 645 ita
686 607 786 653 sint,
841 606 991 655 optimo
1034 607 1120 644 iure
1161 606 1432 644 concludimus
1472 606 1663 655 scriptum

116 663 165 694 21
215 668 302 715 esse
341 673 659 731 Glitophontem,
702 687 790 714 cum
831 688 911 713 non
950 674 1028 713 iam
1059 674 1127 713 diu
1158 678 1361 713 exarserat
1391 674 1663 714 controversia

181 745 185 747 ’
214 741 287 790 ina,
314 742 521 786 Platonem
562 742 669 781 inter
698 745 739 781 et
769 743 1006 791 Isocratem,
1054 743 1158 795 quod
1197 742 1344 782 factum
1386 745 1447 782 est
1476 742 1663 782 Isocratis

182 817 184 819 ’
216 811 396 850 oratione
435 815 572 850 contra
608 811 806 860 sophistas
848 811 955 849 edita
992 823 1095 848 anno
1133 811 1216 848 fere
1251 810 1398 860 3901).
1458 811 1583 848 Porro
1615 811 1656 848 id

181 879 183 881 ’
215 893 376 933 quoque
413 879 612 919 lucramur
648 880 845 930 sprevisse
884 879 1153 929 Glitophontis
1196 882 1395 918 auctorem
1442 879 1662 917 doctrinam

213 948 414 987 Isocratis.

329 1018 451 1056 Aliud
480 1020 757 1066 argumentum
782 1017 1068 1067 Xenophontis
1100 1022 1193 1056 sunt
1221 1018 1344 1056 verba
1374 1018 1492 1055 Mem.
1515 1018 1535 1054 Ι
1558 1021 1594 1064 4,
1622 1021 1663 1055 l:

218 1082 275 1123 El
303 1082 347 1123 δέ
377 1098 478 1131 τινες
508 1081 731 1137 Σωκράτην
773 1084 1021 1136 νομίζουσιν,
1067 1079 1120 1131 ω”ς
1150 1082 1249 1123 ἔνιοι
1289 1079 1491 1137 γράφουσί
1522 1097 1559 1122 τε
1594 1082 1661 1123 καὶ

133 1200 152 1203 Ι,
213 1151 372 1207 λέγουσι
403 1152 494 1206 περὶ
533 1149 659 1194 αὐτοῦ
698 1150 1016 1207 τεκμαιρόμενοι,
1061 1151 1372 1206 προτρέψασθαι
1403 1150 1471 1203 μὲν
1502 1149 1663 1203 ἀνθρώ-

128 1218 135 1219 ’
185 1225 188 1227 ’
214 1235 321 1268 πους
351 1216 412 1260 ἐπ’
444 1216 587 1275 ἅρετῆν
616 1218 824 1274 κράτιστον
854 1219 1071 1275 γεγονέναι,
1103 1223 1347 1274 προαγαγεῖν
1378 1216 1413 1259 δ’
1444 1216 1503 1260 ἐπ’
1536 1216 1661 1272 αὐτὴν

215 1286 287 1342 οὐχ
318 1285 469 1339 ἷκανόν,
501 1286 745 1341 σκεψάμενοι
776 1287 829 1342 μὴ
855 1286 992 1342 μόνον,
1025 1286 1051 1329 ἃ
1074 1289 1223 1337 ἐκεῖνος
1253 1289 1515 1341 κολαστηρίου
1546 1288 1659 1330 ἕνεκα

212 1356 307 1405 τούς
336 1356 449 1397 πάντ’
479 1358 688 1409 οἰομένους
719 1358 862 1398 εἰδέναι
894 1359 1050 1411 ἐρωτῶν
1081 1356 1247 1412 ἤλεγχεν,
1280 1356 1375 1398 ἄλλά
1400 1358 1466 1398 καὶ
1489 1356 1514 1397 ἃ
1537 1359 1660 1412 λέγων

165 1418 177 1424 „
214 1425 454 1481 συνημέρευε
484 1430 565 1474 τοῖς
589 1427 935 1480 συνδιατρίβουσιν
966 1424 1262 1477 δοκιμαζόντων
1285 1426 1320 1466 εἰ
1341 1424 1477 1474 ἱκανὸς
1502 1421 1551 1479 ἦν
1575 1428 1659 1480 βελ-

136 1496 152 1523 1
212 1497 323 1543 τίους
361 1501 490 1537 ποιεῖν
528 1493 622 1544 τούς
652 1493 910 1549 ἀνθρώπους.
971 1499 1102 1536 Fuere
1144 1504 1235 1548 post
1279 1499 1451 1537 Socratis
1492 1506 1659 1537 mortem

213 1566 283 1620 qui
313 1567 579 1618 sophistarum
609 1569 730 1606 more
748 1567 795 1606 de
817 1577 935 1606 causa
965 1566 1050 1606 eius
1077 1566 1317 1607 rixarentur.
1379 1565 1557 1609 Quorum
1580 1568 1655 1606 Po-

210 1635 402 1687 lycratem
431 1636 553 1674 fuisse
585 1636 797 1675 scholiasta
826 1637 875 1674 ad
908 1635 1125 1674 Aristidem
1156 1649 1228 1674 nos
1259 1637 1383 1683 docet,
1416 1640 1462 1674 ut
1493 1636 1561 1688 qui
1593 1649 1655 1675 ac—

212 1705 455 1744 cusationem
486 1704 659 1743 Socratis
690 1703 911 1755 scripserit,
944 1716 1046 1756 quae
1077 1717 1164 1743 cum
1196 1704 1371 1742 omnium
1401 1704 1443 1742 in
1474 1705 1656 1743 manibus

178 1778 183 1781 *
215 1776 460 1820 versaretur,
491 1773 680 1811 Isocratis
711 1772 905 1811 excitavit
932 1772 1125 1811 invidiam
1142 1773 1180 1822 Β)
1213 1772 1454 1823 Lysiamque
1486 1785 1657 1810 commo-

181 1840 282 1896 Jvit,
312 1844 358 1880 ut
387 1840 494 1879 edita
529 1834 735 1897 ‘apologia’
772 1840 983 1878 defendere
1014 1838 1215 1879 Socratem
1247 1839 1518 1891 conaretur-⁹³).
1579 1840 1657 1879 Ve-

145 1913 147 1915 ’
187 1910 510 1961 >hementissima
548 1909 674 1957 igitur
712 1922 848 1958 pugna
888 1909 1012 1946 fuisse
1051 1909 1210 1947 videtur
1253 1913 1372 1961 atque
1413 1910 1656 1958 dignissima,

150 2030 157 2035 η
212 1977 275 2018 cui
299 1977 427 2018 bonus
451 1977 620 2032 quisque
646 1977 818 2016 animum
843 1977 1079 2017 adverteret.
1140 1971 1283 2031 Itadue
1304 1977 1535 2030 Xenophon
1559 1991 1656 2032 quo-

145 2043 156 2101 f
213 2042 291 2102 que
318 2048 452 2088 facere
483 2062 563 2087 non
594 2048 746 2098 potuit,
791 2047 888 2099 quin
918 2048 991 2086 hac
1023 2048 1070 2086 de
1101 2060 1143 2085 re
1173 2049 1297 2087 verba
1325 2048 1545 2097 faceret4)‚
1587 2049 1655 2087 sed

122 2103 175 2173 ‘J'
210 2116 461 2169 Polycratem
500 2117 550 2156 ab
585 2129 632 2156 eo
673 2116 921 2156 intellectum
960 2129 1066 2166 esse,
1110 2129 1198 2156 cum
1233 2116 1426 2157 scriberet
1458 2110 1524 2174 ‘aig
1560 2114 1657 2156 ἔνιοι

127 2182 167 2238 'J'
205 2181 413 2238 ’γράφουσί
441 2199 481 2223 τε
512 2184 578 2223 καὶ
608 2180 776 2237 λέγουσι’
815 2186 1035 2235 praefracte
1078 2199 1191 2235 nego.
1252 2187 1352 2223 Nam
1386 2187 1490 2238 quod
1523 2190 1658 2224 narrat

146 2259 148 2261 “
208 2254 438 2295 testimonia
465 2254 557 2294 illos
587 2255 635 2295 de
665 2255 825 2294 Socrate
858 2254 1005 2293 dixisse
1036 2252 1144 2306 (περὶ
1175 2250 1303 2294 αὐτοῦ
1333 2250 1652 2306 τεκμαιρόμενοι)

301 2412 335 2459 1)
360 2415 401 2446 cf.
425 2414 618 2447 Reinhardt
641 2415 663 2445 l.
680 2415 703 2446 1.
728 2424 762 2454 p.
781 2415 803 2446 4
820 2423 892 2453 sqq.

304 2469 339 2516 2)
363 2471 470 2504 Cobet
492 2474 533 2504 N.
551 2472 591 2503 L.
617 2482 649 2513 p.
668 2473 733 2504 726
753 2482 824 2512 sqq.
872 2472 1020 2503 Dindorf
1040 2471 1193 2513 Xenoph.
1218 2472 1314 2504 Mem.
1340 2482 1371 2512 p.
1390 2471 1505 2503 xxm
1522 2481 1592 2511 sqq.

304 2529 339 2572 3)
363 2530 472 2561 schol.
498 2530 634 2561 Aristid.
661 2530 702 2561 de
725 2530 772 2560 IV
796 2528 877 2560 v'iris
900 2539 934 2569 p.
953 2531 1020 2561 480
1045 2530 1147 2561 Dind.

302 2585 338 2632 4)
363 2587 461 2628 Quod
485 2586 648 2627 Cobetus,
674 2587 730 2627 qui
754 2597 795 2619 ex
819 2587 974 2619 Aristidis
998 2588 1132 2619 scholiis
1156 2590 1259 2619 totam
1284 2588 1370 2619 hanc
1393 2597 1464 2619 rem
1488 2587 1522 2618 in
1547 2587 1654 2619 lucem

192 2645 389 2689 protraxit,
423 2655 463 2677 eo
487 2646 654 2686 procedit,
690 2648 726 2677 ut
748 2645 980 2686 Xenophontis
1005 2646 1259 2678 commentarios
1294 2649 1410 2677 contra
1433 2645 1530 2676 unius
1554 2645 1653 2685 Poly-

200 2690 309 2749 eratis
340 2712 446 2743 nugas
469 2704 628 2742 scriptum
651 2713 723 2735 esse
755 2704 936 2741 existimet,
971 2706 1086 2734 contra
1118 2704 1204 2734 hanc
1237 2704 1447 2735 falsissimam
1479 2712 1654 2742 argumen—

205 2750 366 2803 tationem
388 2760 660 2795 Breitenbachius
685 2759 816 2804 (Jahn's
839 2760 980 2794 Jahrbb.
1004 2761 1065 2794 Bd.
1085 2763 1143 2804 99)
1177 2765 1245 2795 tam
1270 2762 1350 2795 scite
1375 2765 1408 2795 et
1432 2762 1564 2803 copiose
1589 2761 1655 2797 dis-

182 2866 184 2868 ι
209 2808 352 2868 putavit,
375 2823 413 2852 ut
434 2820 588 2861 longiora
610 2819 826 2861 supersedere
849 2820 985 2861 possim.
