1908 3226
834 231 1092 276 ..3-„

201 393 203 395 q
232 330 339 376 ἐἶναι
369 334 593 386 σαφέστατα
633 331 836 387 ὁμόνοιαν.
898 338 1009 381 Quae
1049 339 1312 390 comparanda
1353 340 1447 378 sunt
1486 352 1574 378 cum
1606 336 1687 390 Ly-

236 406 333 447 sidis
363 420 401 457 p.
425 410 562 446 212e:
611 403 663 445 Τὸ
697 403 938 457 φιλούμενον
977 403 1054 457 ἄρα
1092 409 1147 461 τῷ
1187 409 1369 455 φιλοῦντι
1409 407 1527 456 φίλον
1566 405 1683 453 ἐστίν,

218 470 309 515 ’ἐάν
339 488 378 513 τε
408 476 504 529 φιλῇ
545 471 613 514 ἐάν
643 488 682 513 τε
719 474 787 513 καὶ
826 477 933 530 μισῇ.
995 470 1083 514 οἷον
1120 475 1187 514 καὶ
1226 472 1274 514 τοὶ
1313 475 1454 514 νεωστὶ
1494 472 1685 529 γεγονότα

235 542 390 592 παιδία,
423 540 469 582 τοὶ
500 541 569 593 μὲν
600 539 758 583 οὐδέπω
790 546 984 593 φιλοῦντα
1015 540 1062 582 τοὶ
1094 542 1135 582 δὲ
1166 543 1232 583 καὶ
1256 546 1462 594 μισοῦντα,
1495 541 1592 583 ὅταν
1613 559 1683 583 κο-

236 608 397 662 λάζηται
427 606 508 650 find
541 613 611 661 τῆς
633 608 782 664 μητρός
812 607 839 662 ἢ
859 607 939 650 ’ὑπὸ
972 614 1043 650 τοῦ
1074 608 1239 664 πατρός,
1272 608 1380 663 ὅμως
1402 610 1470 650 καὶ
1492 614 1683 662 μισοῦντα

238 679 437 735 ἒν-ἒκείνῳ
465 682 517 735 τῷ
543 677 671 735 χρόνῳ
703 677 865 720 πάντων
896 676 1063 731 μάλιστα
1097 679 1175 719 ἐστι
1199 683 1281 726 τοῖς
1312 683 1469 733 γονεῦσι
1502 682 1680 728 φίλτατα.

235 749 415 803 Utroque
444 750 531 788 loco
563 751 610 788 de
643 750 857 789 bestiarum
890 752 931 788 et
957 749 1170 788 infantium
1203 762 1307 802 quae
1338 750 1482 789 dicitur
1513 750 1687 790 amicitia

235 819 347 872 loqui
386 833 503 857 nemo
542 833 623 858 non
662 821 872 865 concedet;
916 833 994 871 quo
1017 819 1258 871 “ceteroquin
1296 819 1372 858 loci
1413 820 1518 858 inter
1549 833 1590 857 se
1621 833 1684 858 co-

191 924 193 927 .
235 887 427 926 haereant
455 888 636 935 vinculo,
679 888 860 939 equidem
893 901 971 925 non
1005 900 1215 939 assequor,
1257 888 1378 926 immo
1417 901 1578 938 prorsus
1609 889 1687 926 alia

235 956 293 995 eis
323 957 596 1004 continentur,
640 970 727 995 cum
760 957 866 1008 quod
892 961 1052 995 strenue
1084 956 1253 1005 repellat
1273 957 1457 1006 Clitopho
1488 958 1685 996 amicitiae

204 1010 206 1012 ‚
234 1037 380 1063 nomen
417 1024 599 1075 usurpari
639 1025 782 1063 debere
814 1025 861 1062 de
892 1024 1105 1063 infantium
1136 1024 1434 1077 bestiarumque
1463 1025 1584 1063 animi
1617 1039 1684 1076 ap-

234 1093 463 1144 plicatione,
494 1094 608 1133 Plato
642 1098 814 1133 statuere
845 1108 925 1132 non
956 1094 1139 1133 haesitet.

351 1161 460 1204 Quae
492 1162 625 1201 statim
658 1162 839 1215 sequitur
869 1162 1072 1210 definitio,
1103 1161 1316 1202 amicitiam
1351 1162 1436 1203 dico
1471 1176 1556 1202 esse
1587 1157 1679 1214 όμό-

235 1245 362 1279 νοιαν,
394 1246 480 1271 cum
513 1233 615 1281 apud
648 1233 856 1271 Platonem
896 1245 1091 1283 nusquam
1122 1232 1372 1279 inveniatur,
1417 1234 1553 1270 eadem
1586 1246 1681 1270 vero

234 1302 346 1339 extet
375 1300 416 1338 in
448 1300 574 1350 primo
608 1299 813 1338 Alcibiade
843 1299 1217 1350 pseudoplatonioe,
1251 1300 1337 1339 veri
1369 1300 1538 1340 similius
1568 1304 1684 1352 putat

231 1369 503 1416 Susemihlius,
536 1369 805 1418 Clitophontis
827 1374 1026 1407 auctorem
1047 1370 1221 1418 pendere
1244 1383 1295 1406 ex
1314 1370 1531 1416 Alcibiade,
1563 1382 1681 1421 quam

233 1437 453 1477 Alcibiadis
483 1450 534 1475 ex
566 1437 831 1487 Clitophonte.
891 1438 968 1476 Sed
999 1450 1087 1475 cum
1119 1450 1191 1476 nos
1222 1439 1443 1488 praefracte
1479 1451 1680 1488 negemus,

234 1508 340 1560 quod
370 1510 508 1557 postea
539 1507 846 1560 demonstraturi
878 1520 1025 1554 sumus,
1058 1506 1355 1556 Clitophontem
1386 1513 1477 1557 post
1502 1508 1682 1547 Platonis

231 1579 401 1616 aetatem
438 1575 706 1625 conscriptum
738 1565 845 1623 esse,
888 1588 1020 1628 neque
1052 1576 1100 1613 de
1131 1576 1335 1614 eiuscum
1368 1576 1514 1627 Lyside
1546 1576 1679 1615 Plato-

232 1644 296 1684 nis
334 1645 625 1683 necessitudine
666 1659 738 1683 nos
778 1645 826 1682 ad
867 1657 975 1682 suam
1015 1644 1254 1683 sententiam
1295 1644 1528 1694 perduxerit
1564 1644 1679 1683 Suse-

233 1713 416 1760 mihlius,
458 1717 597 1760 restat,
640 1717 684 1752 ut
715 1713 934 1751 Alcibiadis
970 1716 1107 1751 auctor
1133 1712 1324 1751 hauserit
1360 1725 1380 1750 e
1412 1712 1680 1763 Clitophonte,

233 1781 427 1834 siquidem
450 1782 593 1821 hausit.
636 1782 711 1820 Sed
742 1795 793 1820 ne
823 1782 899 1820 hoc
930 1781 1089 1834 quidem
1121 1782 1415 1820 concedendum
1448 1786 1517 1821 est.
1565 1783 1679 1820 Com-

232 1863 427 1902 ponamus
456 1854 502 1888 ut
532 1853 673 1888 extant
702 1839 821 1889 locos,
877 1850 964 1888 Clit.
989 1853 1127 1888 409e:
1159 1844 1229 1899 τήν
1260 1847 1302 1887 δὲ
1333 1845 1459 1895 ὄντως
1489 1848 1555 1887 καὶ
1588 1845 1678 1900 ἅλη-

234 1919 322 1965 θῶς
360 1918 496 1967 φιλίαν
537 1912 636 1957 εἷιαι
678 1916 903 1966 σαφέστατα
945 1913 1148 1997 ὁμόνοιαν.
1210 1914 1281 1967 τήν
1320 1916 1361 1956 δὲ
1392 1913 1587 1968 ομόνοιαν
1627 1935 1679 1959 av

234 1983 487 2039 ἐρωτώμενος
517 1985 553 2024 εἰ
581 1981 793 2037 ομοδοξίαν
822 1985 928 2039 λέγοι
952 1982 979 2037 ἢ
1004 1982 1237 2036 ἐπιστήμην,
1270 1984 1342 2036 τήν
1367 1984 1439 2035 μὲν
1463 1983 1679 2037 ὁμοδοξίαν

232 2052 419 2108 ἠτίμαζεν
458 2053 534 2095 κτὲ.
595 2056 723 2095 Alcib.
751 2059 888 2095 126ο;
920 2046 1007 2107 Ἆρ’
1038 2046 1113 2093 οὖν
1153 2051 1224 2105 τὴν
1261 2054 1397 2104 φιλίαν
1430 2054 1551 2109 λέγεις
1584 2052 1679 2108 ὁμό-

173 2170 183 2175 ,
232 2139 348 2165 νοιαν
373 2120 399 2175 η’
422 2122 643 2175 διχόνοιανς
673 2119 887 2174 Ὁμόνοιαν
910 2121 987 2163 κτὲ.
1047 2125 1200 2164 Iterum
1228 2138 1274 2163 ea
1303 2129 1458 2165 tantum
1485 2131 1546 2165 est
1575 2127 1679 2166 loco-

231 2207 320 2234 rum
341 2193 573 2234 collatorum
597 2194 859 2242 necessitudo,
890 2197 936 2233 ut
957 2197 1125 2247 utroque
1146 2193 1303 2244 legatur
1323 2196 1559 2234 vocabulum
1583 2190 1678 2245 ὁμό-

232 2277 345 2311 νοια,
388 2263 566 2315 alioquin
606 2263 723 2313 plane
764 2263 870 2302 inter
909 2276 951 2302 se
992 2263 1238 2313 discrepent,
1282 2277 1369 2302 cum
1401 2264 1441 2302 in
1475 2264 1680 2303 Alcibiade

234 2332 430 2372 discordia
459 2333 667 2371 consensui
707 2333 890 2382 opposita
920 2333 992 2380 sit,
1036 2333 1140 2382 apud
1182 2336 1360 2371 nostrum
1397 2333 1595 2383 opinatio,
1638 2334 1680 2371 in

192 2435 194 2437 .
234 2401 441 2441 Alcibiade
472 2405 612 2450 agatur
642 2402 689 2439 de
720 2402 842 2439 animi
874 2406 1004 2449 motu,
1038 2403 1085 2439 de
1117 2401 1381 2450 cognoscendi
1413 2406 1532 2454 atque
1563 2402 1680 2441 intel-

232 2470 384 2522 ligendi
411 2470 566 2510 ratione
595 2470 638 2509 in
669 2471 937 2522 Olitophonte.

350 2540 547 2592 Denique,
578 2546 714 2580 monet
743 2540 1016 2589 Susemihlius,
1049 2553 1150 2593 quae
1183 2540 1230 2579 de
1251 2540 1414 2579 Socrate
1445 2544 1580 2579 narrat
1602 2541 1677 2579 Cli-

232 2610 358 2661 topho
388 2622 426 2660 p.
450 2612 531 2647 408
548 2611 592 2657 b,
633 2609 736 2648 idem
769 2623 854 2649 esse
894 2610 1005 2648 illum
1046 2609 1297 2649 contendisse
1336 2609 1527 2648 iustitiam
1559 2613 1679 2662 atque

231 2679 566 2726 iurisdictionem,
614 2692 659 2717 ea
698 2691 770 2717 nec
813 2678 986 2718 inveniri
1030 2679 1133 2730 apud
1171 2678 1378 2717 Platonem
1422 2684 1462 2717 et
1502 2692 1680 2729 pugnare

214 2751 374 2802 ,contra
394 2747 580 2797 Gorgiam
601 2747 782 2787 Platonis
803 2760 840 2797 p.
860 2751 954 2796 464,
986 2748 1055 2786 ubi
1076 2748 1142 2788 vel
1172 2750 1326 2798 partem
1356 2747 1534 2787 iustitiae
1563 2748 1680 2787 iuris-

219 2808 449 2859 dictionem
479 2828 565 2857 esse
586 2816 699 2857 Plato
731 2816 916 2869 explicet.
978 2816 1089 2860 Quae
1112 2817 1294 2872 quamvis
1315 2820 1423 2856 recto
1447 2818 1579 2856 omnia
1598 2817 1680 2860 talo

1346 2883 1404 2928 15⁶
