1908 3226
9 3179 16 3185 '
32 3199 42 3207 <
57 3182 927 3218 skal-›emfflzwmmsamvuffltw,ev-*22-

812 199 1101 242 *16—

226 312 357 350 aures,
403 300 565 342 oculos?
629 297 744 353 Πρὸς
774 300 817 343 δὲ
846 299 1004 350 τούτοις
1035 302 1075 357 (ς
1100 302 1143 355 6)
1175 296 1223 341 οὗ
1255 299 1371 341 δοκεῖ
1396 312 1460 342 σοι
1488 298 1556 343 καὶ
1582 288 1743 352 τοῖιὶεΩ

226 370 420 422 προνοίας
461 369 592 424 ἔργοις
633 369 827 419 ἐοικέναι,
869 368 913 411 τό
946 370 1032 412 ἐπεὶ
1063 366 1243 422 ἀσθενὴς
1273 368 1346 422 μέν
1376 369 1483 411 ἐστιν
1511 364 1740 433 ἤόψιςῐ

223 435 443 491 βλεφάροις
484 435 612 490 αὐτὴν
649 442 839 491 θυρῶσαι
878 438 954 480 κτὲ.
988 471 996 481 .
1020 471 1028 479 .
1052 471 1061 479 .
1092 441 1218 479 ταῦτα
1258 435 1364 478 οὕτω
1404 438 1682 496 προνοητικῶς
1709 444 1737 468 ·:-‚-

225 505 483 561 πεπραγμένα
514 502 681 562 άπορεῖς
711 504 859 562 πότερα
890 506 1009 561 τύχης
1039 505 1067 561 ἢ
1097 505 1257 562 γνώμης
1288 506 1383 562 ἔργα
1413 507 1542 558 ἐστίνς
1597 511 1739 563 0'15-,4

222 581 430 627 ponuntur
459 578 584 627 igitur
613 579 697 617 fors
728 582 769 617 et
799 580 1021 628 consilium,
1054 583 1139 619 tum
1160 578 1371 618 consilium
1391 581 1571 618 mutatur
1590 582 1685 618 cum-
1702 562 1738 619 ’Ῑῖ

224 645 494 696 providentia,
527 646 700 699 denique
721 647 865 686 iterum
886 650 1102 698 usurpatur
1123 646 1343 687 consilium.
1390 647 1563 697 Insuper
1583 659 1680 690 eun-

224 714 313 752 dem
344 714 496 754 habent
525 715 657 753 locum
687 718 808 768 atque
839 715 1048 755 consilium
1078 716 1350 772 ‘providenter
1368 709 1485 755 facta’
1514 708 1558 755 et
1575 712 1739 773 ‘consssgg

227 782 307 821 silii
340 778 482 833 opera'‚
514 783 619 822 idem
641 783 765 834 igitur
785 784 923 823 valent
943 783 1152 823 consilium
1174 788 1216 824 et
1235 776 1498 835 providentia,
1530 783 1691 837 quippe·
1710 791 1721 821 ῑ,

226 851 414 900 propriae
456 852 518 890 dei
558 852 749 899 virtutes,
793 866 873 890 non
913 853 1000 902 ipse
1042 854 1149 891 deus.
1218 854 1321 891 Sunt
1361 849 1486 902 igitur
1521 837 1736 902 formans·

224 915 365 968 τύχης,
396 914 580 980 γνώμης,
612 919 807 971 προνοίας
837 918 955 972 ἔργα,
997 924 1043 960 ut
1071 921 1250 970 vulgaris
1280 920 1560 971 grammaticae
1588 923 1680 960 utar

225 988 422 1037 dictione,
465 1001 546 1026 non
577 989 755 1038 genetivi
786 989 959 1029 auctoris
990 990 1059 1028 sed
1090 989 1316 1042 qualitatis,
1358 1003 1437 1043 qua
1466 989 1679 1029 ratiocina-

225 1057 336 1096 tione
367 1061 451 1097 tota
482 1058 632 1097 corruit
663 1058 835 1097 Krohnii
867 1059 1173 1109 argumentatio.
1712 1051 1730 1106 J

341 1126 456 1165 Alius
488 1126 664 1165 eiusdem
695 1127 857 1177 capitis,
890 1127 959 1179 qui
990 1122 1213 1167 Stoicorum
1244 1127 1416 1178 respiret
1447 1127 1678 1176 doctrinam,
1715 1122 1736 1176 ἦ

225 1198 286 1234 est
317 1193 338 1246 ἓ
368 1195 438 1234 17:
470 1193 632 1234 οἴεσθαι
662 1186 736 1234 οὖν
765 1190 839 1247 χρὴ
870 1193 938 1234 καὶ
964 1190 1035 1246 τήν
1057 1193 1099 1235 ἕν
1120 1193 1238 1234 παντὶ
1261 1191 1456 1247 φρόνησιν
1477 1190 1525 1233 τοὶ
1548 1193 1692 1241 πάντα
1732 1220 1739 1224 -

222 1259 335 1309 ὅπως
364 1259 414 1301 ὃν
445 1260 547 1318 αὐτῇ
578 1258 657 1313 ἦδύ
690 1255 728 1318 ᾖ,
762 1261 867 1302 οὕτω
899 1263 1098 1303 τίθεσθαι.
1159 1265 1390 1315 Xenophon
1423 1265 1455 1303 si
1486 1265 1676 1303 mundum

222 1333 329 1380 dicit,
363 1326 411 1369 τά
442 1328 573 1370 πάντα
604 1332 718 1380 dicit,
752 1334 857 1386 quod
888 1333 954 1372 hic
985 1346 1147 1386 quoque
1176 1333 1385 1382 flagitatur
1415 1332 1677 1385 sequentibus
1713 1340 1716 1341 ’

223 1397 270 1439 τοὶ
302 1397 446 1440 πάντα.
508 1402 657 1440 Natum
678 1405 740 1441 est
760 1402 814 1455 τῷ
836 1401 956 1440 ποι-ντί
976 1403 1276 1452 Hindenburgii
1299 1402 1538 1450 coniectura,
1569 1402 1676 1454 quod

223 1484 304 1510 non
335 1470 558 1509 innotuisse
588 1470 749 1511 videtur
780 1470 973 1510 Krohnio.
1036 1469 1188 1513 Quodsi
1230 1470 1371 1511 scribis
1413 1466 1484 1521 τήν
1521 1467 1563 1509 ἐν
1592 1472 1677 1516 τοῖς,Ι

223 1541 321 1578 πᾶσι
355 1535 558 1590 φρόνησιν
588 1539 653 1578 vel
684 1539 763 1578 tale
796 1540 911 1591 quid,
945 1541 993 1578 de
1023 1540 1064 1579 vi
1094 1540 1337 1578 immanente
1370 1539 1545 1588 cogitare
1574 1538 1678 1577 nihil

224 1612 370 1648 movet.
430 1607 554 1646 Plane
586 1608 722 1646 eodem
756 1621 875 1647 sensu
905 1607 1039 1658 paullo
1071 1611 1161 1659 post
1191 1608 1357 1648 dicitur:
1388 1603 1459 1659 τὴν
1482 1608 1555 1647 τοῦ
1576 1608 1679 1647 θεοῦ

224 1671 423 1726 φρόνησιν
455 1671 594 1725 ἱκανὴν
625 1670 724 1713 εἶναι
756 1670 839 1725 ἅμα
870 1672 1034 1714 πάντων
1066 1674 1351 1725 ἐπιμελεῖσθαι.

340 1745 536 1784 Placitum
568 1758 682 1783 suum
714 1739 769 1802 ‘vd
803 1739 1021 1795 δαιμόνιον’
1051 1745 1155 1795 apud
1176 1744 1489 1796 Xenophontem
1518 1758 1599 1784 non
1630 1745 1678 1784 de

223 1814 388 1853 numine
427 1814 565 1853 divino
609 1815 677 1853 sed
715 1815 763 1852 de
795 1814 954 1852 oraculo
995 1817 1149 1852 tantum
1180 1814 1354 1853 Socratis
1391 1815 1497 1866 quod
1534 1813 1679 1852 dicitur

223 1883 420 1934 usurpari,
444 1896 526 1922 non
549 1883 773 1922 consentire
794 1883 898 1923 vidit
919 1882 1124 1921 Krohnius
1146 1896 1233 1921 cum
1252 1882 1537 1933 Xenophontis
1557 1883 1677 1922 Mem.
1704 1896 1717 1937 ζμ

222 1953 281 1991 IV
305 1956 342 1991 3.
403 1952 479 1991 Sed
510 1954 585 1991 hoc
617 1966 778 2005 quoque
810 1956 928 2002 caput
958 1952 1137 2002 spurium
1169 1965 1254 1991 esse
1285 1952 1501 2001 contendit,
1532 1952 1575 1990 in
1596 1963 1676 2014 quo
1724 1965 1729 1968 ’

224 2021 336 2074 quasi
380 2034 520 2060 manus
556 2020 858 2071 interpolatoris
889 2020 941 2060 sit
971 2020 1256 2071 cognoscenda.
1319 2020 1447 2063 Quem
1476 2021 1525 2059 ad
1555 2008 1677 2062 finem

223 2091 543 2140 componendum
584 2094 645 2129 est
676 2103 763 2128 cum
795 2091 912 2128 Mem.
936 2090 957 2127 I
990 2093 1031 2137 2,
1059 2090 1132 2128 17:
1175 2087 1271 2135 ι’σως
1301 2080 1374 2128 οὖν
1403 2087 1510 2128 εἴποι
1540 2103 1598 2135 τις
1626 2102 1678 2128 αν
1733 2100 1741 2102 ·

223 2154 329 2211 πρός
369 2159 492 2197 ταῦτα
527 2153 590 2196 ὅτι
621 2155 738 2209 ἐχρῆν
769 2152 836 2196 τόν
866 2153 1065 2210 Σωκράτη
1097 2172 1152 2209 μη
1184 2154 1381 2212 πρότερον
1410 2155 1462 2198 vo?
1493 2153 1676 2197 πολιτικα
1724 2162 1737 2195 Γ

223 2223 430 2267 διδάσκειν
471 2222 499 2277 ἢ
529 2229 766 2279 σωφρονεῖν.
829 2222 905 2279 ἐγώ
945 2222 1046 2278 πρὸς
1084 2227 1202 2265 τοῦτο
1244 2224 1316 2277 μὲν
1356 2222 1433 2266 οὐκ
1473 2223 1733 2283 ἀντιλέγω.,’

222 2291 377 2341 πάντας
414 2293 457 2334 δὲ
499 2291 595 2341 τούς
632 2291 896 2341 διδάσκοντας
936 2289 1020 2346 ὁρῶ
1060 2290 1208 2341 αὖτοῦς
1243 2291 1475 2342 δεικνύντας
1514 2308 1555 2334 τε
1593 2290 1697 2341 τοῖς
1734 2334 1742 2342 ,

222 2360 522 2416 μανθάνουσιν,
563 2377 667 2419 ῃπερ
699 2360 816 2403 αὐτοὶ
847 2365 1037 2403 ποιοῦσιν
1067 2379 1092 2402 α
1124 2359 1360 2404 διδασκουσι
1389 2363 1457 2403 καὶ
1487 2364 1544 2419 τῷ
1571 2359 1693 2419 λόγῳ
1725 2360 1732 2364 Χ

222 2429 577 2487 προσβιβάζοντας.
622 2426 713 2472 οἶδα
745 2429 788 2472 δὲ
818 2431 886 2472 καὶ
908 2428 1104 2487 Σωκράτη
1136 2429 1345 2473 δεικνύντα
1375 2435 1457 2480 τοῖς
1486 2429 1693 2477 συνοῦσιν

221 2497 366 2542 ἑαυτὸν
405 2497 528 2542 καλον
571 2497 759 2555 κᾶγαθον
800 2497 896 2542 ὅντα
936 2501 1003 2542 καὶ
1048 2498 1325 2556 διαλεγόμενον
1362 2499 1546 2543 κάλλιστα
1585 2498 1730 2560 περὶ

222 2566 365 2623 ἀρετῆς
395 2585 461 2609 και
494 2572 574 2610 τῶν
607 2566 732 2609 αλλων
764 2567 1061 2625 ἀνθρωπίνων·
1102 2565 1193 2611 οἶδα
1224 2568 1265 2611 δὲ
1294 2568 1465 2611 κάκείνω
1495 2568 1696 2625 (critiam

223 2643 264 2681 et
293 2640 558 2691 Alcibiadem)
602 2641 885 2692 σωφρονοῦντε
922 2639 1007 2679 ἔστε
1040 2637 1247 2693 Σωκράτει
1284 2636 1483 2692 συνήστην
1518 2636 1569 2681 οὗ
1598 2653 1689 2701 φο,-
1708 2658 1743 2698 j„

222 2706 407 2759 βουμένω
437 2705 492 2759 μή
515 2710 715 2760 ζημιοῖντο
745 2704 773 2759 ἢ
794 2708 976 2748 παίοιντο
1002 2705 1084 2749 vno*
1110 2704 1372 2764 Σωκράτους,
1403 2703 1484 2749 ἀλλ’
1503 2706 1686 2764 οἰομένω

220 2772 309 2820 τότε
339 2772 555 2833 κράτιστον
586 2771 688 2819 εἶναι
716 2778 836 2818 τοῦτο
866 2773 1064 2834 πράττειν.
1459 2800 1468 2807 2
1666 2803 1668 2805 ·
