1908 3221
579 650 876 699 Sententiae
912 652 1287 697 controversae.

224 875 256 910 1.
293 870 480 921 Xenoph.
504 869 620 907 Mem.
642 868 687 906 II
711 871 746 916 2,
771 870 792 906 5
827 866 1078 906 scribendum
1109 868 1191 905 est:
1222 858 1249 914 ἦ
1271 860 1313 902 δὲ
1336 859 1435 916 γύνη
1466 859 1656 913 ὑποδεξα-

296 936 392 989 μένη
422 950 462 975 τε
500 933 611 987 φέρει
649 931 692 973 τὸ
725 931 891 986 φόρτιον
924 962 1069 973 .....
1104 928 1154 971 οὗ
1184 936 1495 983 προπεπονθυῖα
1536 930 1657 971 οὐδὲν

1125 997 1231 1013 eset
1354 993 1371 1012 τ

295 1002 454 1059 ἆγαθόν
484 1001 574 1046 οὔτε
604 1006 822 1058 γιγνῶσκον
851 1000 894 1044 τὸ
917 1002 1079 1057 βρέφος,
1111 1018 1170 1052 vo>
1208 1017 1303 1042 οτου
1327 1015 1370 1042 ευ
1397 997 1537 1054 πάσχει
1568 998 1658 1042 οὔτε

295 1075 498 1127 σημαίνειν
529 1069 751 1124 δυνάμενον
783 1103 790 1111 .
815 1103 822 1111 .
846 1103 854 1111 .

249 1174 259 1185 .
299 1145 486 1196 Xenoph.
518 1145 664 1196 Cyneg.
697 1144 780 1182 111
817 1138 1070 1192 σκεψάμενον
1109 1141 1345 1182 vocabulum
1385 1141 1561 1192 spurium
1601 1146 1661 1180 est

297 1214 420 1266 (quod
459 1213 711 1264 perspexisse
738 1213 897 1251 videtur
927 1212 1116 1250 Lenzius:
1158 1211 1411 1262 Xenophon,
1452 1202 1560 1249 Uber
1598 1211 1661 1249 die

297 1283 397 1333 Jagd
427 1297 465 1333 p.
492 1282 544 1334 5).

253 1381 261 1389 .
303 1351 570 1400 Cyropaediae
592 1349 874 1398 Xenophontis
901 1349 1099 1398 epilogum
1129 1349 1277 1400 quippe
1302 1349 1563 1386 necessariam
1595 1351 1661 1387 ad·

298 1420 456 1458 dentem
496 1417 850 1468 perditissimorum
890 1417 1094 1467 scriptoris
1125 1420 1253 1455 aetate
1284 1417 1493 1456 Persarum
1523 1417 1662 1468 imagi-

297 1501 387 1526 nem
419 1487 634 1537 genuinum
667 1499 752 1525 esse
782 1486 924 1525 iudico.

252 1587 259 1596 .
300 1556 507 1609 Quotquot
543 1555 772 1606 nuperrime
811 1555 1124 1605 Xenophontem
1163 1557 1357 1595 tractant:
1399 1556 1463 1595 avi
1506 1555 1662 1607 eulpam

300 1628 586 1675 praeoccupato
616 1624 763 1663 iudicio
794 1624 931 1673 nepoti
961 1624 1211 1672 ignotissimo
1243 1624 1438 1673 delegant.

256 1723 265 1733 .
302 1693 403 1733 Plat.
436 1694 483 1732 de
513 1705 595 1744 rep.
624 1693 742 1731 505d
773 1692 884 1743 lego:
922 1692 967 1730 Τί
997 1688 1062 1740 δές
1094 1686 1184 1730 τόδε
1215 1686 1265 1730 οὗ
1296 1688 1485 1745 φανερόν,
1519 1687 1574 1740 οἷς
1605 1693 1662 1732 δί-

301 1776 394 1801 καια
424 1758 494 1811 μὲν
523 1759 591 1814 κοςὶ1
621 1757 720 1799 καλοὶ
751 1758 885 1799 πολλοὶ
917 1756 967 1799 ὂὶν
997 1758 1146 1799 ἕλοιντο
1178 1757 1225 1799 τοὶ
1257 1760 1471 1809 δοκοῦντα,
1503 1758 1579 1801 κᾶν
1610 1759 1664 1813 μὴ

304 1820 346 1883 ᾖ,
377 1825 486 1880 ὅμως
515 1830 640 1867 ταῦτα
672 1825 855 1881 πράττειν
885 1826 953 1867 καὶ
982 1829 1202 1879 κεκτῆσθαι
1235 1828 1367 1869 δοκεῖν
1397 1860 1405 1869 .
1429 1861 1437 1870 .
1493 1860 1501 1869 .

257 1929 266 1938 .
306 1897 394 1939 Tae.
417 1898 507 1939 dial.
530 1911 615 1950 cap.
633 1901 699 1947 26,
723 1902 775 1937 32
808 1897 958 1938 scribo:
1001 1902 1146 1951 quotus
1177 1899 1281 1938 enim
1314 1899 1484 1954 quisque
1514 1900 1664 1940 schola-

304 1968 491 2007 sticorum
529 1982 609 2007 non
640 1969 713 2006 hae
743 1981 814 2006 sua
842 1969 1098 2018 persuasione
1128 1969 1291 2016 fruitur,
1333 1975 1379 2008 ut
1409 1984 1449 2008 se
1480 1975 1571 2010 ante
1602 1972 1665 2009 ci-

305 2050 488 2076 ceronem
517 2040 709 2084 numeret,
740 2038 808 2076 sed
839 2050 932 2075 sane
962 2046 1053 2088 post
1084 2037 1375 2077 Gabinianum?

259 2135 267 2143 .
306 2105 433 2145 Plaut.
465 2106 583 2145 Most.
610 2108 687 2144 108
710 2105 756 2144 R.
788 2118 991 2156 propono:

463 2177 596 2227 Atque
625 2174 725 2213 illud
755 2186 871 2226 saepe
902 2175 966 2215 fit:
997 2178 1212 2226 tempestas
1242 2175 1355 2215 venit

465 2243 690 2293 Confringit
718 2244 870 2294 tegulas
900 2244 1184 2296 imbricesque:
1213 2244 1270 2282 ibi

465 2313 661 2352 Dominus
690 2314 904 2364 indiligens
934 2315 1098 2353 reddere
1129 2314 1225 2353 alias
1255 2314 1402 2354 nevolt.

465 2380 698 2432 Perpluont‚
730 2382 843 2422 venit
871 2382 1011 2432 imber,
1041 2383 1212 2434 perlavit
1240 2383 1421 2435 parietes,

468 2450 603 2501 Tigna,
635 2452 828 2502 putefacit
856 2465 923 2492 aer
953 2466 1113 2504 operam
1143 2453 1267 2493 fabri:

467 2520 646 2573 Nequior
672 2521 800 2560 faetus
829 2522 947 2561 iamst
976 2535 1069 2561 usus
1099 2522 1266 2561 aedium.

263 2617 272 2626 .
311 2587 417 2630 Quid
447 2589 499 2628 sit
529 2590 761 2645 angiportus
799 2590 841 2628 in
872 2603 990 2629 scena
1020 2592 1200 2629 Romana
1229 2593 1330 2630 bene
1360 2591 1562 2632 intellexit
1591 2595 1667 2632 Lo-

308 2658 478 2705 renzius,
508 2658 641 2697 Plauti
661 2659 881 2697 Pseudolus
911 2672 999 2709 pag.
1018 2664 1042 2697 2
1065 2663 1105 2698 et
1127 2664 1219 2707 244,
1255 2661 1328 2698 nisi
1351 2662 1456 2712 quod
1478 2663 1525 2699 ad
1546 2675 1666 2701 unam

314 2739 450 2766 omnes
480 2728 615 2766 domos
644 2727 852 2777 angiporto
889 2728 1086 2767 seiunctas
1115 2729 1239 2767 fuisse
1280 2730 1495 2769 contendit.
1556 2730 1668 2773 Quae

311 2795 511 2848 sententia
539 2795 734 2835 refellitur
763 2795 848 2834 Mil.
870 2795 921 2846 gl.
943 2810 980 2836 v.
1003 2800 1080 2835 140
1104 2810 1189 2851 sqq.
